,amount,date,price,quantity,trade_id,type
0,61.37211068,1531206324,6659.9,0.00921517,64132007,buy
1,8.75124179,1531206361,6659.9,0.00131402,64132044,buy
2,9.10833849,1531206388,6659.699998,0.00136768,64132056,sell
3,11.37177925,1531206424,6659.9,0.0017075,64132091,buy
4,7.96017887,1531206427,6659.9,0.00119524,64132097,buy
5,7.32589,1531206429,6659.9,0.0011,64132102,buy
6,1.37453676,1531206431,6659.9,0.00020639,64132110,buy
7,6.26496793,1531206431,6659.9,0.0009407,64132111,buy
8,3.60846701,1531206433,6659.9,0.00054182,64132117,buy
9,4.0310982,1531206433,6660,0.00060527,64132118,buy
10,12.6032508,1531206435,6660,0.00189238,64132123,buy
11,8.8223022,1531206437,6660,0.00132467,64132129,buy
12,7.326,1531206449,6660,0.0011,64132139,buy
13,7.326,1531206451,6660,0.0011,64132144,buy
14,8.2480104,1531206453,6660,0.00123844,64132150,buy
15,7.32589,1531206455,6659.9,0.0011,64132156,buy
16,7.32589,1531206457,6659.9,0.0011,64132161,buy
17,7.32589,1531206459,6659.9,0.0011,64132167,buy
18,31.4574444,1531206464,6660,0.00472334,64132174,buy
19,22.02009356,1531206466,6659.9,0.00330637,64132180,buy
20,15.41407215,1531206467,6659.9,0.00231446,64132184,buy
21,10.79010358,1531206469,6659.9,0.00162016,64132189,buy
22,7.55305918,1531206471,6659.9,0.00113411,64132193,buy
23,6.6599,1531206473,6659.9,0.001,64132197,buy
24,6.6599,1531206474,6659.9,0.001,64132201,buy
25,6.63998728,1531206484,6659.699998,0.00099704,64132202,sell
26,0.01965736,1531206484,6641.00000103,0.00000296,64132203,sell
27,18.62855279,1531206524,6659.99999999,0.00279708,64132221,buy
28,149.8976856,1531206525,6660,0.02250716,64132224,buy
29,1427.94697137,1531206557,6641.61382035,0.215,64132267,sell
30,1016.16691451,1531206557,6641.61382034,0.153,64132268,sell
31,27.61284153,1531206557,6641.61382034,0.00415755,64132269,buy
32,21.77187426,1531206557,6641.61382034,0.0032781,64132271,buy
33,17.41856206,1531206557,6641.61382034,0.00262264,64132274,buy
34,346.3880555,1531206558,6641.61382034,0.0521542,64132277,buy
35,56.13551775,1531206558,6641.61382034,0.00845209,64132280,buy
36,12.43595696,1531206558,6641.61382034,0.00187243,64132283,buy
37,346.48502307,1531206559,6641.61382034,0.0521688,64132285,buy
38,235.83739722,1531206559,6641.61382034,0.03550905,64132288,buy
39,8380.4076,1531206569,6656.4,1.259,64132297,buy
40,6.64161998,1531206654,6641.61998,0.001,64132340,sell
41,47.8196195,1531206654,6641.61382081,0.0072,64132341,sell
42,8.93372399,1531206715,6659.99999999,0.0013414,64132387,buy
43,18.70021439,1531206752,6659.99999999,0.00280784,64132396,buy
44,59.6022714,1531206752,6660,0.00894929,64132397,buy
45,11623.46878,1531206980,6647.3,1.7486,64132515,sell
46,112.70330873,1531206993,6659.99949999,0.01692242,64132523,buy
47,107.67358735,1531207054,6640.00070001,0.0162159,64132558,sell
48,7.32599955,1531207110,6659.99959999,0.0011,64132598,buy
49,99.99999811,1531207110,6640.0003,0.01506024,64132599,sell
50,27.57870921,1531207110,6640.00010001,0.00415342,64132600,sell
51,19.92,1531207110,6640,0.003,64132601,sell
52,294.049412,1531207110,6640,0.04428455,64132602,sell
53,15.0056696,1531207110,6640,0.00225989,64132603,sell
54,1006.25297215,1531207110,6635.001,0.1516583,64132604,sell
55,13.27,1531207110,6635,0.002,64132605,sell
56,10.0193808,1531207110,6635,0.00151008,64132606,sell
57,113.10021,1531207110,6635,0.017046,64132607,sell
58,100.25485,1531207110,6635,0.01511,64132608,sell
59,161.7882381,1531207110,6635,0.02438406,64132610,buy
60,13.00174695,1531207110,6635,0.00195957,64132613,buy
61,347.839875,1531207110,6635,0.052425,64132615,buy
62,191.8999913,1531207110,6635,0.02892238,64132618,buy
63,100.7297833,1531207110,6635,0.01518158,64132620,buy
64,41.47001065,1531207111,6635,0.00625019,64132623,buy
65,196.17193605,1531207111,6635,0.02956623,64132628,buy
66,22.03994395,1531207111,6635,0.00332177,64132630,buy
67,15.505995,1531207113,6635,0.002337,64132634,buy
68,10.8541965,1531207114,6635,0.0016359,64132638,buy
69,10.8541965,1531207114,6635,0.0016359,64132640,buy
70,25.95353235,1531207115,6635,0.00391161,64132646,buy
71,11.134857,1531207115,6635,0.0016782,64132648,buy
72,42.17159555,1531207116,6635,0.00635593,64132650,buy
73,59.715,1531207127,6635,0.009,64132657,buy
74,22.0396122,1531207129,6635,0.00332172,64132664,buy
75,22.0396122,1531207131,6635,0.00332172,64132669,buy
76,42.247699,1531207131,6635,0.0063674,64132672,buy
77,12.71007235,1531207132,6635,0.00191561,64132674,buy
78,8.82985413,1531207133,6634.0001,0.001331,64132678,sell
79,256.530146,1531207133,6634.00000001,0.038669,64132679,sell
80,53.1030898,1531207133,6635,0.00800348,64132680,buy
81,59.715,1531207135,6635,0.009,64132684,buy
82,13.75057305,1531207136,6635,0.00207243,64132690,buy
83,14.0254611,1531207137,6635,0.00211386,64132694,buy
84,9.6253945,1531207138,6635,0.0014507,64132700,buy
85,7.2985,1531207140,6635,0.0011,64132709,buy
86,9.8178095,1531207140,6635,0.0014797,64132710,buy
87,2437.1153854,1531207141,6635,0.36731204,64132711,buy
88,18.85779795,1531207203,6635.00000001,0.00284217,64132757,sell
89,10489.462,1531207227,6638.9,1.58,64132801,sell
90,199.78798772,1531207230,6659.59959099,0.03,64132803,buy
91,20.54086895,1531207323,6659.599582,0.0030844,64132871,buy
92,39.4728093,1531207335,6635.00000001,0.00594918,64132888,sell
93,10636.96,1531207430,6648.1,1.6,64132939,buy
94,23.99239164,1531207464,6636,0.00361549,64132964,sell
95,1.92649716,1531207465,6636,0.00029031,64132968,buy
96,13.27,1531207479,6635.00000001,0.002,64132974,sell
97,13.85103687,1531207498,6657.99999999,0.00208036,64132990,buy
98,10.85200735,1531207507,6657.99999999,0.00162992,64133004,buy
99,2.89516471,1531207513,6657.99999999,0.00043484,64133013,buy
100,4.7115337,1531207513,6658,0.00070765,64133014,buy
101,7.3238,1531207522,6658,0.0011,64133020,buy
102,6.658,1531207536,6658,0.001,64133033,buy
103,6.658,1531207537,6658,0.001,64133039,buy
104,8.45452814,1531207538,6658,0.00126983,64133042,buy
105,6.658,1531207540,6658,0.001,64133048,buy
106,6.658,1531207542,6658,0.001,64133053,buy
107,6.658,1531207588,6658,0.001,64133072,buy
108,6.65799999,1531207590,6657.99999999,0.001,64133078,buy
109,9638.643,1531207607,6647.34,1.45,64133088,buy
110,19.97399999,1531207645,6657.99999998,0.003,64133103,buy
111,53.264,1531207645,6658,0.008,64133104,buy
112,85.32725329,1531207696,6635.10000001,0.01285998,64133131,sell
113,10423.612368,1531207743,6648.56,1.5678,64133161,buy
114,6.80221228,1531207784,6658,0.00102166,64133193,buy
115,9.66921366,1531207794,6658,0.00145227,64133202,buy
116,7.96206161,1531207839,6635.10663511,0.00119999,64133216,sell
117,4.11369564,1531207839,6635.10000001,0.00061999,64133217,sell
118,8801.83634,1531207989,6657.97,1.322,64133269,buy
119,9.9999831,1531208007,6658,0.00150195,64133281,buy
120,133.16,1531208040,6658,0.02,64133310,buy
121,11318.498,1531208132,6657.94,1.7,64133365,sell
122,18.64331842,1531208146,6657.9,0.00280018,64133378,sell
123,103.32543542,1531208166,6658,0.01551899,64133387,buy
124,79.7258881,1531208183,6658,0.01197445,64133398,buy
125,7.67554214,1531208251,6658,0.00115283,64133453,buy
126,7.67554214,1531208253,6658,0.00115283,64133461,buy
127,15.16732348,1531208255,6658,0.00227806,64133471,buy
128,7.67554214,1531208257,6658,0.00115283,64133476,buy
129,13.96608712,1531208259,6658,0.00209764,64133485,buy
130,9.7762743,1531208261,6658,0.00146835,64133492,buy
131,40.14440726,1531208263,6657.9,0.00602959,64133502,sell
132,7.03773319,1531208264,6657.9,0.00105705,64133506,sell
133,7.67554214,1531208265,6658,0.00115283,64133515,buy
134,10.09617271,1531208288,6657.9,0.00151642,64133519,sell
135,55.39388111,1531208288,6640.3518,0.00834201,64133520,sell
136,42.83123944,1531208449,6640.85230001,0.00644966,64133574,sell
137,7.3238,1531208468,6658,0.0011,64133588,buy
138,46.392944,1531208481,6658,0.006968,64133607,buy
139,46.392944,1531208482,6658,0.006968,64133610,buy
140,6.96233718,1531208482,6658,0.00104571,64133615,buy
141,7.3238,1531208514,6658,0.0011,64133634,buy
142,9114.1853,1531208526,6652.69,1.37,64133646,buy
143,57.71564733,1531208570,6640.85230001,0.008691,64133676,sell
144,6.658,1531208665,6658,0.001,64133713,buy
145,8.14965394,1531208679,6640.85230001,0.0012272,64133722,sell
146,8643.44,1531208713,6648.8,1.3,64133738,sell
147,907.35386117,1531208718,6640.85230001,0.13663214,64133739,sell
148,748.35764568,1531208718,6640.85230001,0.11269,64133740,sell
149,332.042615,1531208718,6640.8523,0.05,64133741,sell
150,365.1336,1531208718,6640,0.05499,64133742,sell
151,886.0321316,1531208718,6637.93925384,0.13348,64133743,sell
152,9.99996924,1531208718,6635.81175503,0.00150697,64133744,sell
153,849.35249308,1531208718,6635.5663522,0.128,64133745,sell
154,411.62179825,1531208718,6635,0.06203795,64133746,sell
155,34.14572891,1531208775,6636.94,0.0051448,64133768,buy
156,22.87382532,1531208834,6658,0.00343554,64133796,buy
157,158.33309904,1531208841,6658,0.02378088,64133803,buy
158,3.99999324,1531208865,6658,0.00060078,64133815,buy
159,9376.356942,1531208911,6647.07,1.4106,64133859,sell
160,10762.47,1531208996,6643.5,1.62,64133899,sell
161,26.18598058,1531209063,6658,0.00393301,64133941,buy
162,18.3301398,1531209065,6658,0.0027531,64133945,buy
163,12.83109786,1531209067,6658,0.00192717,64133951,buy
164,8.98177516,1531209069,6658,0.00134902,64133958,buy
165,6.658,1531209071,6658,0.001,64133962,buy
166,6.658,1531209073,6658,0.001,64133967,buy
167,6.658,1531209074,6658,0.001,64133972,buy
168,8.2046534,1531209076,6658,0.0012323,64133980,buy
169,7.3238,1531209078,6658,0.0011,64133986,buy
170,7.3238,1531209080,6658,0.0011,64133990,buy
171,63.67950888,1531209152,6658,0.00956436,64134025,buy
172,9430.9578,1531209216,6646.2,1.419,64134063,sell
173,213.49994086,1531209225,6640.86240001,0.03214943,64134066,sell
174,10.431988,1531209348,6650,0.00156872,64134162,sell
175,6.65,1531209348,6650,0.001,64134166,buy
176,6.65,1531209349,6650,0.001,64134169,buy
177,1016.9652507,1531209355,6646.83170396,0.153,64134173,sell
178,118.32731292,1531209356,6646.7318,0.01780233,64134175,buy
179,183.8623255,1531209367,6650,0.02764847,64134196,buy
180,22.92244178,1531209369,6641.18305381,0.00345156,64134197,sell
181,235.5999905,1531209382,6650,0.03542857,64134199,buy
182,219.825326,1531209391,6650,0.03305644,64134200,buy
183,125.392267,1531209391,6650,0.01885598,64134201,buy
184,27.543103,1531209643,6650.00000001,0.00414182,64134271,sell
185,9052.84,1531209662,6656.5,1.36,64134277,buy
186,102.68977437,1531209702,6660.81,0.01541701,64134298,buy
187,7.90711415,1531209728,6660.81,0.00118711,64134327,buy
188,21.95323046,1531209794,6660.81,0.00329588,64134381,buy
189,260.0792989,1531209794,6668.699972,0.039,64134382,buy
190,21.98716688,1531209794,6668.799972,0.00329702,64134383,buy
191,395.98027148,1531209794,6668.799972,0.05937804,64134384,buy
192,54.48056974,1531209850,6650.20040001,0.00819232,64134408,sell
193,8.45677193,1531209878,6668.799972,0.00126811,64134418,buy
194,143.02395242,1531209972,6668.799972,0.02144673,64134448,buy
195,27.56575143,1531209972,6668.79997199,0.00413354,64134451,buy
196,16.80524255,1531209972,6668.799972,0.00251998,64134455,buy
197,15.94310009,1531209973,6668.799972,0.0023907,64134468,buy
198,6.66789998,1531210041,6667.899986,0.001,64134535,buy
199,57.74087092,1531210041,6668.799972,0.00865836,64134538,buy
200,33.335,1531210080,6667,0.005,64134565,sell
201,6.6649931,1531210080,6659.00000001,0.0010009,64134566,sell
202,112.05384528,1531210084,6668.799972,0.0168027,64134580,buy
203,10.02999999,1531210084,6669.06034734,0.00150396,64134581,buy
204,34.66276648,1531210084,6670.2779675,0.0051966,64134582,buy
205,6.670775,1531210084,6670.775,0.001,64134583,buy
206,45.09777789,1531210084,6673.5,0.00675774,64134584,buy
207,11610.266325,1531210115,6670.65,1.7405,64134622,buy
208,27.5106618,1531210129,6660.00000001,0.00413073,64134635,sell
209,183.857958,1531210129,6660,0.0276063,64134636,sell
210,100.00000543,1531210129,6659.0003,0.01501727,64134637,sell
211,105.51651946,1531210129,6659.00020001,0.0158457,64134638,sell
212,27.0041688,1531210233,6660,0.00405468,64134689,sell
213,8.22566293,1531210268,6659.00000001,0.00123527,64134710,sell
214,8.25338438,1531210273,6673.49999999,0.00123674,64134728,buy
215,6.67349999,1531210275,6673.49999999,0.001,64134734,buy
216,6.6735,1531210277,6673.5,0.001,64134745,buy
217,6.6735,1531210279,6673.5,0.001,64134750,buy
218,8.20313293,1531210282,6673.5,0.00122921,64134752,buy
219,54.48085084,1531210357,6646.00000006,0.00819754,64134787,sell
220,6.76058917,1531210698,6673.5,0.00101305,64134937,buy
221,8.61940858,1531210698,6673.89999999,0.00129151,64134938,buy
222,9605.952,1531210736,6670.8,1.44,64134956,buy
223,6.66,1531210754,6660,0.001,64134961,sell
224,6.98196722,1531210803,6673.89999999,0.00104616,64134983,buy
225,3.6960336,1531210822,6660,0.00055496,64135001,sell
226,86.3589615,1531210822,6650.00000001,0.01298631,64135002,sell
227,8489.9831,1531211024,6656.2,1.2755,64135094,sell
228,12.58515458,1531211043,6673.88999999,0.00188573,64135112,buy
229,15.0829914,1531211045,6673.89,0.00226,64135119,buy
230,58.32988599,1531211045,6673.89999999,0.00874,64135120,buy
231,10602.12,1531211187,6668,1.59,64135199,buy
232,66.73899999,1531211217,6673.89999999,0.01,64135273,buy
233,27.4571185,1531211280,6650.00000001,0.00412889,64135298,sell
234,8.6317,1531211280,6650,0.001298,64135299,sell
235,9.99997686,1531211280,6647.32967166,0.00150436,64135300,sell
236,35.28147836,1531211280,6647,0.00530788,64135302,buy
237,185.09575197,1531211283,6647,0.02784651,64135312,buy
238,148.67364841,1531211298,6647,0.02236703,64135354,buy
239,44.65846773,1531211298,6647,0.00671859,64135356,buy
240,8.81480582,1531211346,6646.61390001,0.00132621,64135401,sell
241,133.2597207,1531211370,6647,0.0200481,64135408,buy
242,27.47024655,1531211423,6666.49999999,0.00412064,64135425,buy
243,127.30101739,1531211423,6666.5,0.01909563,64135426,buy
244,27.41536571,1531211450,6647.10000002,0.00412441,64135456,sell
245,125.46793428,1531211450,6647.10000001,0.01887559,64135457,sell
246,9317.812,1531211509,6655.58,1.4,64135517,sell
247,86.50963955,1531211526,6647.5004,0.01301386,64135533,sell
248,60.55673439,1531211527,6647.50040001,0.0091097,64135536,sell
249,29.03036547,1531211533,6647.50040001,0.00436711,64135551,sell
250,7.98,1531211649,6650,0.0012,64135601,sell
251,20.9999685,1531211653,6650,0.00315789,64135603,sell
252,6.65,1531211712,6650,0.001,64135645,sell
253,261.370137,1531211715,6650,0.03930378,64135649,sell
254,1017.0981918,1531211715,6647.70060001,0.153,64135650,sell
255,73.57655048,1531211715,6647.10000001,0.01106897,64135651,sell
256,11.17837262,1531211715,6646,0.00168197,64135652,sell
257,358.7927912,1531211715,6644.31094831,0.054,64135653,sell
258,425.22950069,1531211715,6644.21094831,0.064,64135654,sell
259,1644.74485755,1531211715,6640.71094795,0.24767602,64135655,sell
260,30.61214966,1531211742,6649.9,0.0046034,64135672,buy
261,19.96226831,1531211749,6649.9,0.00300189,64135677,buy
262,14.800107,1531211798,6650,0.00222558,64135706,buy
263,6.65,1531211805,6650,0.001,64135717,buy
264,6.65,1531211805,6650,0.001,64135718,buy
265,6.65,1531211806,6650,0.001,64135724,buy
266,6.65,1531211808,6650,0.001,64135730,buy
267,20.304445,1531211808,6650,0.0030533,64135731,buy
268,12.2451105,1531211810,6650,0.00184137,64135736,buy
269,8.5552915,1531211811,6650,0.00128651,64135741,buy
270,8.571584,1531211811,6650,0.00128896,64135744,buy
271,11834.508,1531211811,6648.6,1.78,64135745,buy
272,6.65,1531211813,6650,0.001,64135750,buy
273,8.278186,1531211814,6650,0.00124484,64135753,buy
274,6.65,1531211815,6650,0.001,64135757,buy
275,6.65,1531211816,6650,0.001,64135761,buy
276,88.9239995,1531211817,6650,0.01337203,64135765,buy
277,62.36503,1531211818,6650,0.0093782,64135770,buy
278,43.655521,1531211820,6650,0.00656474,64135776,buy
279,43.572795,1531211820,6650,0.0065523,64135777,buy
280,17.462235,1531211822,6650,0.0026259,64135781,buy
281,12.200356,1531211823,6650,0.00183464,64135787,buy
282,12.2235645,1531211823,6650,0.00183813,64135789,buy
283,6.65,1531211825,6650,0.001,64135795,buy
284,6.65,1531211827,6650,0.001,64135799,buy
285,14.6532882,1531211831,6645,0.00220516,64135803,sell
286,6.65,1531211835,6650,0.001,64135811,buy
287,6.65,1531211842,6650,0.001,64135815,buy
288,19.275291,1531211844,6650,0.00289854,64135825,buy
289,6.65,1531211846,6650,0.001,64135829,buy
290,43.5043665,1531211847,6650,0.00654201,64135834,buy
291,6.65,1531211848,6650,0.001,64135840,buy
292,6.65,1531211849,6650,0.001,64135844,buy
293,42.6028925,1531211855,6650,0.00640645,64135852,buy
294,29.8219915,1531211857,6650,0.00448451,64135859,buy
295,11.5307675,1531211859,6650,0.00173395,64135868,buy
296,17.4161505,1531211860,6650,0.00261897,64135873,buy
297,12.191312,1531211863,6650,0.00183328,64135879,buy
298,225.2356995,1531211886,6650,0.03387003,64135889,buy
299,29.2219191,1531211954,6645,0.00439758,64135924,sell
300,8.1346125,1531211954,6650,0.00122325,64135925,buy
301,16.709987,1531212003,6650,0.00251278,64135937,buy
302,16.2295245,1531212003,6650,0.00244053,64135940,buy
303,1240.96803675,1531212021,6645,0.18675215,64135943,sell
304,51.34704542,1531212027,6645.0001,0.00772717,64135945,sell
305,8.22777267,1531212028,6645.0001,0.00123819,64135952,sell
306,10637.84,1531212090,6648.65,1.6,64135980,sell
307,6.80702723,1531212337,6661.79999999,0.0010218,64136027,buy
308,66.45,1531212474,6645,0.01,64136067,sell
309,8171.69729998,1531212501,6659.89999999,1.227,64136083,buy
310,279.7158,1531212501,6659.9,0.042,64136084,buy
311,6789.1699008,1531212501,6660,1.01939488,64136085,buy
312,7073.48644637,1531212501,6660.533377,1.062,64136086,buy
313,1080.93829477,1531212519,6660.533377,0.16229005,64136093,sell
314,129.09499982,1531212524,6661.73337805,0.01937859,64136099,buy
315,85.68689602,1531212583,6660.533377,0.01286487,64136112,sell
316,6.66053337,1531212653,6660.533377,0.001,64136125,sell
317,18.02451608,1531212798,6660.6,0.00270614,64136160,sell
318,0.01438689,1531212800,6660.6,0.00000216,64136166,sell
319,146.7641869,1531212800,6660.533377,0.0220349,64136167,sell
320,344.5095616,1531212801,6660.533377,0.05172402,64136169,sell
321,64.5490939,1531212825,6660.533377,0.00969128,64136180,sell
322,20.61393708,1531212828,6661.75573098,0.00309437,64136183,buy
323,81.08564307,1531212828,6661.85573101,0.01217163,64136184,buy
324,101.29264372,1531212836,6664.866675,0.015198,64136188,buy
325,7.1774115,1531212917,6650,0.00107931,64136206,sell
326,299.9999456,1531213012,6664.89999999,0.04501192,64136230,buy
327,14.04611388,1531213058,6651,0.00211188,64136237,sell
328,2.64789612,1531213194,6651,0.00039812,64136413,sell
329,14.5372325,1531213194,6650,0.00218605,64136414,sell
330,27.366213,1531213248,6650.00000001,0.00411522,64136445,sell
331,78.035356,1531213248,6650,0.01173464,64136446,sell
332,87.3826803,1531213248,6645,0.01315014,64136447,sell
333,147.00952785,1531213286,6645,0.02212333,64136465,sell
334,88.20273975,1531213391,6645,0.01327355,64136574,sell
335,229.6199648,1531213391,6640,0.03458132,64136577,sell
336,229.6199648,1531213391,6640,0.03458132,64136580,sell
337,229.6199648,1531213391,6640,0.03458132,64136583,sell
338,229.6199648,1531213392,6640,0.03458132,64136586,sell
339,229.6199648,1531213392,6640,0.03458132,64136590,sell
340,332,1531213392,6640,0.05,64136593,sell
341,73.9899848,1531213392,6640,0.01114307,64136595,sell
342,44.3998872,1531213392,6640,0.00668673,64136596,sell
343,8.0344,1531213392,6640,0.00121,64136597,sell
344,41.26460778,1531213392,6634.000001,0.00622017,64136598,sell
345,61.8378359,1531213392,6634,0.00932135,64136599,sell
346,101.30292991,1531213409,6661.59859999,0.015207,64136613,buy
347,39.96598979,1531213470,6660.99829898,0.006,64136636,buy
348,26.64399319,1531213471,6660.99829997,0.004,64136637,sell
349,19.98299489,1531213475,6660.99829996,0.003,64136641,buy
350,1.49996662,1531213528,6660.59779999,0.0002252,64136657,buy
351,999.99994444,1531213588,6660.16419997,0.15014644,64136671,buy
352,894.99999156,1531213594,6660.16419997,0.13438107,64136673,buy
353,26.59232266,1531213729,6634.00000001,0.00400849,64136760,sell
354,162.84340486,1531213731,6634,0.02454679,64136767,sell
355,48.61474808,1531213731,6634,0.00732812,64136770,sell
356,49.88064796,1531213731,6634,0.00751894,64136771,sell
357,23.33748882,1531213927,6647.96703132,0.00351047,64136919,buy
358,20.63485,1531213934,6635,0.00311,64136921,sell
359,6.6345,1531213948,6634.5,0.001,64136936,sell
360,11.57706981,1531213953,6634.5,0.00174498,64136939,buy
361,13.45582752,1531213955,6634.5,0.00202816,64136947,buy
362,9.41906599,1531213957,6634.5,0.00141971,64136952,buy
363,6.6345,1531213958,6634.5,0.001,64136958,buy
364,6.6345,1531213960,6634.5,0.001,64136961,buy
365,22.30505631,1531213972,6634.5,0.00336198,64136972,buy
366,15.61349961,1531213974,6634.5,0.00235338,64136976,buy
367,10.55383087,1531213987,6634.5,0.00159075,64136999,buy
368,6.753921,1531214003,6634.5,0.001018,64137008,buy
369,148.48875566,1531214005,6634,0.02238299,64137012,sell
370,265.73827068,1531214032,6634,0.04005702,64137034,sell
371,41.79764968,1531214108,6634,0.00630052,64137072,sell
372,29.25839458,1531214110,6634,0.00441037,64137076,sell
373,20.48088284,1531214111,6634,0.00308726,64137079,sell
374,14.33660472,1531214113,6634,0.00216108,64137083,sell
375,10.03564984,1531214114,6634,0.00151276,64137086,sell
376,7.2974,1531214116,6634,0.0011,64137091,sell
377,7.2974,1531214117,6634,0.0011,64137094,sell
378,7.2974,1531214119,6634,0.0011,64137098,sell
379,6.66570961,1531214242,6645.04353399,0.00100311,64137159,buy
380,6.65563485,1531214242,6635,0.00100311,64137161,sell
381,152.36355235,1531214242,6635,0.02296361,64137163,sell
382,274.54430862,1531214242,6634,0.04138443,64137164,sell
383,20.91892586,1531214242,6634,0.00315329,64137165,sell
384,204.94329958,1531214383,6634,0.03089287,64137251,buy
385,60.60842302,1531214383,6634,0.00913603,64137253,buy
386,144.96868892,1531214395,6634,0.02185238,64137256,buy
387,43.22953224,1531214395,6634,0.00651636,64137259,buy
388,6.63379,1531214407,6633.79,0.001,64137270,sell
389,9.29333649,1531214407,6633.7855364,0.00140091,64137271,sell
390,6.98219195,1531214417,6633.7855364,0.00105252,64137286,sell
391,25.10091771,1531214417,6633.7855364,0.0037838,64137288,sell
392,88.83503158,1531214420,6634,0.01339087,64137299,buy
393,1.03832011,1531214450,6633.7855364,0.00015652,64137315,sell
394,41.56398327,1531214450,6633.7855364,0.0062655,64137316,sell
395,6.63335,1531214450,6633.35,0.001,64137317,sell
396,6.633,1531214450,6633,0.001,64137318,sell
397,15.36696842,1531214450,6630.29500457,0.00231769,64137319,sell
398,13.26,1531214451,6630,0.002,64137320,sell
399,58.8744,1531214451,6630,0.00888,64137321,sell
400,26.52,1531214451,6630,0.004,64137322,sell
401,14.31381041,1531214458,6625.5678,0.00216039,64137330,sell
402,66.25,1531214458,6625,0.01,64137331,sell
403,256.14562125,1531214458,6625,0.03866349,64137332,sell
404,21.6251925,1531214458,6625,0.00326418,64137333,sell
405,19.90064899,1531214458,6620.26500023,0.00300602,64137334,sell
406,1046.20504596,1531214458,6620.26500022,0.15803069,64137335,sell
407,207.80521936,1531214460,6620.26500022,0.03138926,64137361,sell
408,331.01325001,1531214462,6620.26500022,0.05,64137377,sell
409,6.95127825,1531214462,6620.26500022,0.00105,64137378,sell
410,198.60795,1531214465,6620.26500022,0.03,64137411,sell
411,29.81913001,1531214465,6620.26500022,0.00450422,64137415,sell
412,13.24053,1531214465,6620.26500022,0.002,64137419,sell
413,264.8106,1531214466,6620.26500022,0.04,64137422,sell
414,99.303975,1531214466,6620.26500022,0.015,64137424,sell
415,234.96578336,1531214466,6620.26500022,0.0354919,64137427,sell
416,6.95127825,1531214466,6620.26500022,0.00105,64137428,sell
417,3141.20935494,1531214466,6620.26500022,0.47448393,64137429,sell
418,7.35584264,1531214469,6620.26499999,0.00111111,64137497,sell
419,66.2,1531214470,6620,0.01,64137498,sell
420,56.9999874,1531214470,6620,0.00861027,64137499,sell
421,66.2,1531214470,6620,0.01,64137500,sell
422,50.974,1531214470,6620,0.0077,64137501,sell
423,13.24,1531214470,6620,0.002,64137502,sell
424,50.201777,1531214470,6620,0.00758335,64137503,sell
425,66.17,1531214470,6617,0.01,64137504,sell
426,66.15,1531214470,6615,0.01,64137505,sell
427,66.12,1531214470,6612,0.01,64137506,sell
428,42.30114162,1531214470,6610.64826747,0.00639894,64137507,sell
429,66.1,1531214470,6610,0.01,64137508,sell
430,33.05,1531214470,6610,0.005,64137509,sell
431,17.0372089,1531214470,6610,0.00257749,64137510,sell
432,123.93766334,1531214470,6609.54340004,0.01875132,64137513,buy
433,105.34283661,1531214472,6609.54340003,0.01593799,64137520,buy
434,7.55222481,1531214473,6609.51035232,0.00114263,64137525,buy
435,139.31193124,1531214473,6609.44340003,0.02107771,64137528,buy
436,45.75248395,1531214475,6609.44340003,0.00692229,64137532,buy
437,6.608,1531214477,6608,0.001,64137534,sell
438,6.608,1531214477,6608,0.001,64137535,sell
439,66.07,1531214477,6607,0.01,64137536,sell
440,6.606,1531214477,6606,0.001,64137537,sell
441,6.8289525,1531214477,6606,0.00103375,64137538,sell
442,54.99997746,1531214477,6605.62,0.00832624,64137539,sell
443,132.1,1531214477,6605,0.02,64137540,sell
444,66.05,1531214477,6605,0.01,64137541,sell
445,31.05242207,1531214477,6602.683835,0.004703,64137542,sell
446,8.04636065,1531214477,6602.683835,0.00121865,64137543,sell
447,6.6022555,1531214477,6602.2555,0.001,64137544,sell
448,9.66553735,1531214477,6602.143,0.001464,64137545,sell
449,66.02,1531214477,6602,0.01,64137546,sell
450,384.53703036,1531214477,6601,0.05825436,64137547,sell
451,19.82853105,1531214477,6609.5103523,0.003,64137550,buy
452,159.84056484,1531214477,6609.51035231,0.02418342,64137551,buy
453,41.53945066,1531214477,6609.51035231,0.0062848,64137552,buy
454,215.72701696,1531214479,6601,0.03268096,64137560,sell
455,371.6363,1531214479,6601,0.0563,64137561,sell
456,6.60034825,1531214479,6600.34825871,0.001,64137562,sell
457,303.6046,1531214479,6600.1,0.046,64137563,sell
458,50.09961,1531214479,6600,0.00759085,64137564,sell
459,132,1531214479,6600,0.02,64137565,sell
460,66,1531214479,6600,0.01,64137566,sell
461,401.147208,1531214479,6600,0.06077988,64137567,sell
462,33,1531214479,6600,0.005,64137568,sell
463,70.278846,1531214479,6600,0.01064831,64137569,sell
464,349.8053,1531214482,6600.1,0.053,64137587,sell
465,7.4057742,1531214482,6600.1,0.00112207,64137589,buy
466,5.79442579,1531214483,6600.1,0.00087793,64137598,buy
467,26.4004,1531214484,6600.1,0.004,64137602,sell
468,317.6104742,1531214485,6600.1,0.04812207,64137604,sell
469,24.79064365,1531214485,6600.0669995,0.00375612,64137607,buy
470,3128.4,1531214485,6600,0.474,64137609,sell
471,66.982608,1531214486,6600,0.01014888,64137611,sell
472,643.605534,1531214486,6600,0.09751599,64137624,sell
473,20.029284,1531214486,6600,0.00303474,64137627,sell
474,20.88669,1531214486,6600,0.00316465,64137632,sell
475,198,1531214500,6600,0.03,64137659,sell
476,7.26003739,1531214508,6600.03399867,0.0011,64137665,buy
477,7.26003739,1531214510,6600.03399867,0.0011,64137670,buy
478,7.26003739,1531214512,6600.03399867,0.0011,64137673,buy
479,1650,1531214521,6600,0.25,64137691,sell
480,16.943388,1531214529,6600,0.00256718,64137721,sell
481,16.92405,1531214530,6600,0.00256425,64137726,sell
482,11.846868,1531214531,6600,0.00179498,64137731,sell
483,8.302272,1531214532,6600,0.00125792,64137734,sell
484,8.292768,1531214533,6600,0.00125648,64137739,sell
485,6.6,1531214535,6600,0.001,64137746,sell
486,29.162628,1531214535,6600,0.00441858,64137748,sell
487,6.6,1531214536,6600,0.001,64137753,sell
488,19.01032696,1531214540,6602,0.00287948,64137769,sell
489,13.32243988,1531214541,6602,0.00201794,64137773,sell
490,33.91724684,1531214542,6602,0.00513742,64137781,sell
491,162.748542,1531214542,6600,0.02465887,64137782,sell
492,131.893872,1531214550,6600,0.01998392,64137812,sell
493,84.639918,1531214553,6600,0.01282423,64137840,sell
494,59.247936,1531214556,6600,0.00897696,64137855,sell
495,41.473542,1531214559,6600,0.00628387,64137866,sell
496,41.42622,1531214559,6600,0.0062767,64137868,sell
497,61.609218,1531214561,6600,0.00933473,64137873,sell
498,43.126446,1531214562,6600,0.00653431,64137877,sell
499,43.126446,1531214562,6600,0.00653431,64137880,sell
500,495,1531214563,6600,0.075,64137885,sell
501,17.250552,1531214565,6600,0.00261372,64137890,sell
502,228.27911072,1531214575,6600.1,0.03458722,64137952,sell
503,2.72438927,1531214582,6600.1,0.00041278,64138006,sell
504,6.774702,1531214582,6600,0.00102647,64138007,sell
505,258.315618,1531214582,6600,0.03913873,64138008,sell
506,20.7702,1531214582,6600,0.003147,64138012,sell
507,1650,1531214585,6600,0.25,64138026,sell
508,10.19857731,1531214585,6616.69541696,0.00154134,64138028,buy
509,6.6,1531214588,6600.00000001,0.001,64138039,sell
510,37.32995171,1531214590,6616.66233349,0.00564181,64138046,buy
511,6.6,1531214598,6600.00000001,0.001,64138056,buy
512,192.39995463,1531214598,6607.03466107,0.02912047,64138057,buy
513,6.88743,1531214600,6600,0.00104355,64138062,sell
514,73.23923499,1531214602,6618.99999999,0.011065,64138068,buy
515,6.6,1531214605,6600,0.001,64138077,sell
516,544.5,1531214606,6600,0.0825,64138078,sell
517,6.6,1531214606,6600,0.001,64138082,sell
518,12.397704,1531214612,6600,0.00187844,64138089,sell
519,9.842712,1531214613,6600,0.00149132,64138094,sell
520,9.841854,1531214613,6600,0.00149119,64138096,sell
521,6.6,1531214615,6600,0.001,64138101,sell
522,10.433544,1531214619,6600,0.00158084,64138113,sell
523,10.380678,1531214620,6600,0.00157283,64138114,sell
524,54.07941,1531214622,6600,0.00819385,64138115,sell
525,53.805642,1531214623,6600,0.00815237,64138117,sell
526,21.52227,1531214624,6600,0.00326095,64138124,sell
527,15.142248,1531214625,6600,0.00229428,64138129,sell
528,15.065556,1531214626,6600,0.00228266,64138133,sell
529,1650,1531214627,6600,0.25,64138139,sell
530,6.6,1531214628,6600,0.001,64138140,sell
531,6.6,1531214628,6600,0.001,64138143,sell
532,6.6,1531214629,6600,0.001,64138148,sell
533,23.212662,1531214631,6600,0.00351707,64138152,sell
534,11.828718,1531214631,6600,0.00179223,64138153,sell
535,24.487056,1531214633,6600,0.00371016,64138162,sell
536,114.988368,1531214634,6600,0.01742248,64138166,sell
537,114.406248,1531214635,6600,0.01733428,64138171,sell
538,23.212662,1531214636,6600,0.00351707,64138175,sell
539,16.331568,1531214637,6600,0.00247448,64138179,sell
540,11.374242,1531214638,6600,0.00172337,64138183,sell
541,7.961976,1531214640,6600,0.00120636,64138187,sell
542,8.002434,1531214640,6600,0.00121249,64138188,sell
543,6.6,1531214643,6600,0.001,64138200,sell
544,7.26,1531214648,6600,0.0011,64138211,sell
545,23.877942,1531214649,6600,0.00361787,64138212,sell
546,87.42327,1531214650,6600,0.01324595,64138218,sell
547,61.196322,1531214651,6600,0.00927217,64138223,sell
548,16.714566,1531214652,6600,0.00253251,64138225,sell
549,42.837432,1531214653,6600,0.00649052,64138230,sell
550,29.986176,1531214654,6600,0.00454336,64138235,sell
551,20.99031,1531214656,6600,0.00318035,64138238,sell
552,14.69325,1531214658,6600,0.00222625,64138241,sell
553,10.285242,1531214659,6600,0.00155837,64138244,sell
554,11.644644,1531214660,6600,0.00176434,64138245,sell
555,7.26,1531214662,6600,0.0011,64138252,sell
556,8.151264,1531214663,6600,0.00123504,64138253,sell
557,7.26,1531214665,6600,0.0011,64138258,sell
558,7.26,1531214667,6600,0.0011,64138261,sell
559,6.6,1531214670,6600,0.001,64138266,sell
560,6.6,1531214671,6600,0.001,64138270,sell
561,6.6,1531214672,6600,0.001,64138273,sell
562,6.6,1531214673,6600,0.001,64138275,sell
563,6.6,1531214682,6600,0.001,64138281,sell
564,15.50472,1531214683,6600,0.0023492,64138285,sell
565,10.853304,1531214685,6600,0.00164444,64138295,sell
566,7.597326,1531214687,6600,0.00115111,64138299,sell
567,6.6,1531214688,6600,0.001,64138303,sell
568,6.6,1531214690,6600,0.001,64138307,sell
569,63.09336,1531214694,6600,0.0095596,64138315,sell
570,57.739242,1531214695,6600,0.00874837,64138319,sell
571,26.891304,1531214696,6600,0.00407444,64138323,sell
572,18.803598,1531214697,6600,0.00284903,64138327,sell
573,13.176702,1531214698,6600,0.00199647,64138330,sell
574,9.223698,1531214699,6600,0.00139753,64138332,sell
575,9.213732,1531214700,6600,0.00139602,64138340,sell
576,6.6,1531214702,6600,0.001,64138344,sell
577,9.947916,1531214717,6600,0.00150726,64138358,sell
578,6.95607,1531214718,6600,0.00105395,64138363,sell
579,6.963594,1531214718,6600,0.00105509,64138368,sell
580,6.6,1531214720,6600,0.001,64138372,sell
581,6.6001,1531214805,6600.1,0.001,64138400,sell
582,852.1869,1531214806,6606.1,0.129,64138401,buy
583,59.4549,1531214808,6606.1,0.009,64138402,buy
584,6.6061,1531214809,6606.1,0.001,64138403,buy
585,42.30282196,1531214814,6606.1,0.0064036,64138426,buy
586,251.3951355,1531214827,6606.1,0.038055,64138434,buy
587,7.00913816,1531214870,6606.1,0.00106101,64138481,buy
588,13.2122,1531214882,6606.1,0.002,64138494,buy
589,3.70615422,1531214888,6606.1,0.00056102,64138513,buy
590,1651.575,1531214888,6606.3,0.25,64138514,buy
591,8887.00538,1531214896,6602.53,1.346,64138520,sell
592,6.6086,1531214903,6608.6,0.001,64138524,buy
593,7.2600011,1531214941,6600.001,0.0011,64138578,sell
594,4602.84,1531214941,6600,0.6974,64138579,sell
595,35.041248,1531214944,6600,0.00530928,64138586,sell
596,489.0364,1531214952,6608.6,0.074,64138595,buy
597,246.67804665,1531214952,6615,0.03729071,64138596,buy
598,66.001,1531214973,6600.10000001,0.01,64138614,sell
599,98.9999417,1531215051,6614.366928,0.01496741,64138642,buy
600,6.93,1531215087,6600.00000001,0.00105,64138656,sell
601,51.8664887,1531215088,6610,0.00784667,64138657,buy
602,11424.1761,1531215097,6603.57,1.73,64138661,sell
603,17.38762703,1531215170,6613,0.00262931,64138725,buy
604,161.26433536,1531215171,6600.1,0.02443362,64138726,sell
605,208.41262408,1531215171,6600.00006602,0.03157767,64138727,sell
606,290.325486,1531215171,6600,0.04398871,64138728,sell
607,31.75988432,1531215208,6613.14311256,0.00480254,64138740,buy
608,152.21397978,1531215214,6602.3,0.02305469,64138743,buy
609,9.24001372,1531215235,6600.0098,0.0014,64138764,sell
610,182.820066,1531215235,6600,0.02770001,64138765,sell
611,6.6062,1531215245,6606.2,0.001,64138800,buy
612,29.282682,1531215266,6600,0.00443677,64138813,sell
613,149.69999328,1531215280,6606.2,0.02266053,64138818,buy
614,149.999982,1531215280,6600,0.02272727,64138819,sell
615,10.34583769,1531215296,6606.2,0.00156608,64138832,buy
616,6.6062,1531215296,6606.2,0.001,64138833,buy
617,482.940348,1531215301,6600,0.07317278,64138835,sell
618,9906.15095,1531215309,6601.9,1.5005,64138839,sell
619,858.382074,1531215310,6600,0.13005789,64138840,sell
620,56.1,1531215310,6600,0.0085,64138841,sell
621,54.516,1531215310,6600,0.00826,64138842,sell
622,9.111564,1531215310,6600,0.00138054,64138843,sell
623,219.978,1531215310,6600,0.03333,64138844,sell
624,33,1531215310,6600,0.005,64138845,sell
625,21.728718,1531215310,6600,0.00329223,64138846,sell
626,237.538884,1531215310,6600,0.03599074,64138847,sell
627,25.08,1531215310,6600,0.0038,64138848,sell
628,9.461034,1531215310,6600,0.00143349,64138849,sell
629,75.768264,1531215310,6600,0.01148004,64138850,sell
630,49.752054,1531215310,6600,0.00753819,64138851,sell
631,90.75792,1531215314,6600,0.0137512,64138859,sell
632,18.30807,1531215334,6600,0.00277395,64138876,sell
633,13.2,1531215334,6600,0.002,64138877,sell
634,11.117436,1531215334,6600,0.00168446,64138878,sell
635,6.6,1531215334,6600,0.001,64138879,sell
636,125.4,1531215334,6600,0.019,64138880,sell
637,9.24,1531215334,6600,0.0014,64138881,sell
638,33,1531215334,6600,0.005,64138882,sell
639,9.9,1531215334,6600,0.0015,64138883,sell
640,50.194188,1531215334,6600,0.00760518,64138884,sell
641,19.83702658,1531215368,6599.10000001,0.00300602,64138925,sell
642,17.94925773,1531215368,6597.10000001,0.00272078,64138926,sell
643,16.000182,1531215369,6600,0.00242427,64138928,buy
644,76.22955647,1531215399,6597.10000001,0.01155501,64138944,sell
645,7.63766058,1531215400,6597.10000001,0.00115773,64138950,sell
646,82.32263803,1531215401,6597.10000001,0.01247861,64138954,sell
647,341.26666358,1531215401,6597.10000001,0.0517298,64138959,sell
648,79.53998125,1531215401,6597.10000001,0.01205681,64138962,sell
649,61.80803198,1531215403,6597.10000001,0.00936897,64138967,sell
650,207.57056066,1531215420,6597.10000001,0.03146391,64138979,sell
651,13.1942,1531215428,6597.10000001,0.002,64138985,sell
652,263.884,1531215446,6597.10000001,0.04,64139002,sell
653,678.47294405,1531215522,6597.10000001,0.10284412,64139056,sell
654,55.55568092,1531215534,6597.2,0.0084211,64139062,sell
655,416.56490744,1531215534,6597.10000001,0.06314364,64139063,sell
656,418.55835315,1531215537,6597.10000001,0.06344581,64139065,sell
657,152.16612839,1531215543,6606.06696949,0.0230343,64139070,buy
658,46.14704435,1531215551,6597.10000001,0.00699505,64139081,sell
659,47.60546525,1531215563,6597.10000001,0.00721612,64139089,sell
660,14.3056794,1531215564,6597.10000001,0.00216848,64139094,sell
661,7919.76,1531215569,6599.8,1.2,64139098,sell
662,182.44385603,1531215581,6597.10000001,0.02765516,64139100,sell
663,8.25112491,1531215589,6597.1,0.00125072,64139111,sell
664,65.97,1531215590,6597,0.01,64139127,sell
665,1.41103233,1531215590,6597,0.00021389,64139132,sell
666,6.595,1531215590,6595,0.001,64139133,sell
667,59.355,1531215591,6595,0.009,64139135,sell
668,67.215328,1531215591,6592,0.0101965,64139136,sell
669,214.175,1531215591,6590,0.0325,64139137,sell
670,131.8,1531215591,6590,0.02,64139138,sell
671,65.9,1531215591,6590,0.01,64139139,sell
672,72.764144,1531215591,6590,0.0110416,64139140,sell
673,6.588,1531215591,6588,0.001,64139141,sell
674,42.18667372,1531215591,6587.59169653,0.00640396,64139142,sell
675,65.91999533,1531215591,6587,0.01000759,64139143,sell
676,8.8266657,1531215591,6585,0.00134042,64139144,sell
677,273.34288905,1531215591,6585,0.04150993,64139145,sell
678,9.320826,1531215591,6596.99340301,0.00141289,64139146,buy
679,9.48245234,1531215591,6596.99340301,0.00143739,64139151,buy
680,1.51053043,1531215591,6597.0670145,0.00022897,64139152,buy
681,6.92475,1531215592,6595,0.00105,64139159,buy
682,55.90711095,1531215592,6585,0.00849007,64139161,sell
683,914.0379051,1531215592,6585,0.13880606,64139162,sell
684,24.38998395,1531215592,6585,0.00370387,64139163,sell
685,6.4527732,1531215594,6585,0.00097992,64139179,sell
686,72.67574538,1531215594,6582,0.01104159,64139180,sell
687,7.9242282,1531215594,6580,0.00120429,64139181,sell
688,20.1978364,1531215595,6580.00000001,0.00306958,64139184,sell
689,3.6323574,1531215595,6580,0.00055203,64139185,sell
690,6.58,1531215595,6580,0.001,64139186,sell
691,65.8,1531215595,6580,0.01,64139187,sell
692,26.32,1531215595,6580,0.004,64139188,sell
693,329,1531215595,6580,0.05,64139189,sell
694,65.8,1531215595,6580,0.01,64139190,sell
695,52.64,1531215595,6580,0.008,64139191,sell
696,22.2298062,1531215595,6580,0.00337839,64139192,sell
697,19.74,1531215596,6580,0.003,64139197,sell
698,5.1429938,1531215599,6580,0.00078161,64139217,sell
699,328.75,1531215599,6575,0.05,64139218,sell
700,39.8861415,1531215599,6570.00000101,0.00607095,64139219,sell
701,19.7495514,1531215599,6570.00000001,0.00300602,64139220,sell
702,31.71996,1531215599,6570,0.004828,64139221,sell
703,6.57,1531215599,6570,0.001,64139222,sell
704,328.5,1531215599,6570,0.05,64139223,sell
705,542.91195,1531215599,6570,0.082635,64139224,sell
706,1314,1531215599,6570,0.2,64139225,sell
707,9.855,1531215599,6570,0.0015,64139226,sell
708,28.54198837,1531215599,6569.7285,0.00434447,64139227,sell
709,38.04353438,1531215599,6569.424,0.005791,64139228,sell
710,40.7278,1531215599,6569,0.0062,64139229,sell
711,6.5675107,1531215599,6567.51070518,0.001,64139230,sell
712,6.567,1531215599,6567,0.001,64139231,sell
713,328.25,1531215599,6565,0.05,64139232,sell
714,65.6,1531215599,6560,0.01,64139233,sell
715,328,1531215599,6560,0.05,64139234,sell
716,9.512,1531215599,6560,0.00145,64139235,sell
717,535.2705472,1531215599,6560,0.08159612,64139236,sell
718,84.49690781,1531215599,6559,0.01288259,64139237,sell
719,24.98111352,1531215599,6556,0.00381042,64139238,sell
720,21.65235888,1531215599,6555.00423373,0.00330318,64139240,buy
721,10.93997431,1531215600,6555.00423373,0.00166895,64139245,buy
722,6.555,1531215601,6555,0.001,64139256,sell
723,6.555,1531215601,6555,0.001,64139257,sell
724,254.50606875,1531215601,6555,0.03882625,64139258,sell
725,68.0023566,1531215601,6555,0.01037412,64139259,sell
726,50.3905706,1531215601,6552.74,0.00769,64139260,sell
727,13.101,1531215601,6550.5,0.002,64139261,sell
728,343.59345502,1531215601,6550.25174008,0.052455,64139265,buy
729,144.99414543,1531215602,6550.25174008,0.02213566,64139268,buy
730,41.241564,1531215602,6550.25174008,0.00629618,64139271,buy
731,73.51209972,1531215602,6550.25174008,0.01122279,64139276,buy
732,84.86645991,1531215602,6555.00423372,0.01294682,64139281,buy
733,20.0619182,1531215603,6555.00423372,0.00306055,64139287,buy
734,18.8150253,1531215603,6555.00423372,0.00287033,64139295,buy
735,168.85861336,1531215604,6555.00423372,0.02576026,64139306,buy
736,134.67406963,1531215604,6555.00423372,0.02054523,64139307,buy
737,29.31653538,1531215604,6555.00423372,0.00447239,64139313,buy
738,19.6650127,1531215605,6555.00423371,0.003,64139337,buy
739,18.92737807,1531215606,6555.00423372,0.00288747,64139347,buy
740,99.5096053,1531215609,6554.44640417,0.015182,64139368,buy
741,22.05367162,1531215614,6550.25829033,0.00336684,64139386,sell
742,32.75,1531215614,6550,0.005,64139387,sell
743,13.1,1531215614,6550,0.002,64139388,sell
744,63.011,1531215614,6550,0.00962,64139389,sell
745,330.000004,1531215614,6550,0.05038168,64139390,sell
746,17.685,1531215614,6550,0.0027,64139391,sell
747,403.0700355,1531215614,6550,0.06153741,64139392,sell
748,39.3,1531215614,6550,0.006,64139393,sell
749,26.3999715,1531215614,6550,0.00403053,64139394,sell
750,5881.92882,1531215614,6550,0.8980044,64139395,sell
751,24.99997838,1531215620,6550.00101844,0.00381679,64139444,sell
752,668.07118,1531215620,6550,0.1019956,64139445,sell
753,8.512511,1531215620,6550,0.00129962,64139446,sell
754,61.1406475,1531215620,6550,0.00933445,64139447,sell
755,32.75,1531215620,6550,0.005,64139448,sell
756,9.825,1531215620,6550,0.0015,64139449,sell
757,364.235544,1531215620,6550,0.05560848,64139450,sell
758,50.468929,1531215620,6550,0.00770518,64139451,sell
759,46.95612075,1531215620,6545,0.00717435,64139452,sell
760,329.74999365,1531215620,6545,0.05038197,64139453,sell
761,19.66457121,1531215620,6541.73000001,0.00300602,64139454,sell
762,6.54172,1531215620,6541.72,0.001,64139455,sell
763,42.80377918,1531215620,6541.7195238,0.0065432,64139456,sell
764,37.48443964,1531215621,6541.7185238,0.00573006,64139460,buy
765,42.20010285,1531215621,6541.7185238,0.00645092,64139467,buy
766,22.93199428,1531215623,6541.7185238,0.0035055,64139474,buy
767,6.54171852,1531215623,6541.7185238,0.001,64139478,buy
768,6.54171852,1531215623,6541.7185238,0.001,64139482,buy
769,65.2692654,1531215623,6540,0.00998001,64139483,sell
770,99.68270686,1531215624,6541.7185238,0.015238,64139485,buy
771,47.44920222,1531215624,6541.68581521,0.00725336,64139489,buy
772,33.21442847,1531215626,6541.68581521,0.00507735,64139494,buy
773,35.37900689,1531215627,6541.68581521,0.00540824,64139501,buy
774,97.60620445,1531215628,6541.68581521,0.01492065,64139518,buy
775,6.54168581,1531215630,6541.68581521,0.001,64139526,buy
776,19.62505744,1531215631,6541.68581521,0.003,64139538,buy
777,6.54168581,1531215632,6541.68581521,0.001,64139541,buy
778,99.93079251,1531215632,6541.68581521,0.015276,64139542,buy
779,13.73754021,1531215634,6541.68581521,0.0021,64139553,buy
780,0.1307346,1531215635,6540,0.00001999,64139555,sell
781,13.08,1531215635,6540,0.002,64139556,sell
782,48.1885512,1531215635,6540,0.00736828,64139557,sell
783,67.93128592,1531215639,6541.68581521,0.01038437,64139570,buy
784,9.61627814,1531215639,6541.68581521,0.00147,64139571,buy
785,6.7313947,1531215639,6541.68581521,0.001029,64139574,buy
786,99.92268563,1531215640,6549.30101836,0.015257,64139575,buy
787,6.54168581,1531215641,6541.68581521,0.001,64139580,buy
788,6.54168581,1531215642,6541.68581521,0.001,64139586,buy
789,6.54168581,1531215642,6541.68581521,0.001,64139590,buy
790,19.90602285,1531215644,6541.68581521,0.00304295,64139600,buy
791,86.96255455,1531215645,6541.68581521,0.0132936,64139603,buy
792,99.81191865,1531215648,6549.76826899,0.015239,64139615,buy
793,41.16051466,1531215656,6568.29999697,0.00626654,64139630,buy
794,58.802443,1531215656,6568.29999893,0.00895246,64139631,buy
795,39.2406006,1531215663,6540.1001,0.006,64139636,sell
796,41.0782373,1531215663,6540.100001,0.00628098,64139637,sell
797,209.2832,1531215663,6540.1,0.032,64139638,sell
798,281.3114946,1531215663,6540,0.04301399,64139639,sell
799,45.2000328,1531215663,6540,0.00691132,64139640,sell
800,100.0000077,1531215663,6535,0.01530222,64139641,sell
801,259.5637957,1531215663,6535,0.03971902,64139642,sell
802,33.97768401,1531215663,6568.2999,0.00517298,64139644,buy
803,41.17223561,1531215666,6568.19989899,0.00626842,64139648,buy
804,6.53483652,1531215677,6534.83652257,0.001,64139690,sell
805,6.534,1531215677,6534,0.001,64139691,sell
806,41.0898944,1531215677,6530.000001,0.00629248,64139692,sell
807,1959,1531215677,6530,0.3,64139693,sell
808,8.76475983,1531215677,6526.10874677,0.00134303,64139695,buy
809,12.36971704,1531215677,6526.10874677,0.00189542,64139698,buy
810,40.97091071,1531215677,6526.10874677,0.006278,64139702,buy
811,8.76475983,1531215677,6526.10874677,0.00134303,64139705,buy
812,147.69008291,1531215677,6526.10874677,0.02263065,64139711,buy
813,33.59816987,1531215677,6526.10874677,0.00514827,64139716,buy
814,158.54293649,1531215677,6526.10874677,0.02429364,64139717,buy
815,42.77224724,1531215677,6526.10874677,0.00655402,64139722,buy
816,34.42163427,1531215677,6526.10874677,0.00527445,64139724,buy
817,189.80534679,1531215677,6526.10874677,0.029084,64139725,buy
818,22.88380032,1531215678,6526.10874677,0.0035065,64139736,buy
819,128.86415174,1531215678,6526.10874677,0.01974594,64139741,buy
820,119.84513472,1531215678,6526.10874677,0.01836395,64139744,buy
821,6.52610874,1531215679,6526.10874677,0.001,64139752,buy
822,6.52610874,1531215680,6526.10874677,0.001,64139756,buy
823,161.40208999,1531215680,6526.10874677,0.02473175,64139758,buy
824,31.36513124,1531215680,6526.10874677,0.0048061,64139762,buy
825,6.52610874,1531215683,6526.10874677,0.001,64139771,buy
826,99.52315838,1531215685,6526.10874677,0.01525,64139774,buy
827,6.52610874,1531215685,6526.10874677,0.001,64139781,buy
828,14.67023563,1531215686,6526.10874677,0.00224793,64139783,buy
829,212.36780151,1531215686,6526.10874677,0.03254126,64139784,buy
830,10.25316945,1531215687,6526.10874677,0.0015711,64139788,buy
831,71.78719621,1531215692,6526.10874677,0.011,64139850,sell
832,26.90037197,1531215693,6542.9535258,0.00411135,64139856,buy
833,73.15447333,1531215693,6542.95352581,0.01118065,64139857,buy
834,150.89688222,1531215693,6526.10874676,0.02312203,64139861,sell
835,65.25,1531215693,6525,0.01,64139862,sell
836,1415.12875425,1531215693,6525,0.21687797,64139863,sell
837,26.8332795,1531215698,6525.00000001,0.00411238,64139900,sell
838,99.54240138,1531215700,6546.68868028,0.015205,64139915,buy
839,16.139718,1531215704,6525,0.00247352,64139929,sell
840,83.53233225,1531215705,6525,0.01280189,64139938,sell
841,10404.7056,1531215705,6543.84,1.59,64139941,buy
842,99.75277255,1531215709,6543.73999999,0.015244,64139963,buy
843,6.5261099,1531215714,6526.1099,0.001,64139986,sell
844,42.19919775,1531215714,6525,0.00646731,64139987,sell
845,6.525,1531215714,6525,0.001,64139988,sell
846,13.05,1531215714,6525,0.002,64139989,sell
847,99.4948968,1531215717,6523.4,0.015252,64140004,buy
848,7.17574,1531215718,6523.4,0.0011,64140010,buy
849,6.5234,1531215723,6523.4,0.001,64140027,buy
850,6.5234,1531215725,6523.4,0.001,64140034,buy
851,1442.85011314,1531215725,6523.4,0.22118069,64140036,buy
852,26.85291772,1531215732,6542.85352499,0.00410416,64140042,buy
853,73.59296959,1531215732,6542.853525,0.01124784,64140043,buy
854,7.15938661,1531215734,6542.853525,0.00109423,64140044,buy
855,32.9304435,1531215735,6542.853525,0.00503304,64140048,buy
856,26.79930141,1531215736,6523.40000001,0.00410818,64140051,sell
857,13.0468,1531215736,6523.4,0.002,64140052,sell
858,6.52334,1531215736,6523.34,0.001,64140053,sell
859,70.55606166,1531215736,6522.81000006,0.01081682,64140054,sell
860,6.54285352,1531215736,6542.853525,0.001,64140055,buy
861,6.54285352,1531215738,6542.85352499,0.001,64140062,buy
862,13.87739232,1531215746,6542.85352499,0.002121,64140075,buy
863,86.50250195,1531215758,6523.40000003,0.01326034,64140081,sell
864,26.49054889,1531215758,6523.40000003,0.00406085,64140085,sell
865,20.12189965,1531215759,6535.1,0.00307905,64140090,buy
866,52.2808,1531215759,6535.1,0.008,64140091,buy
867,14.08536243,1531215760,6535.1,0.00215534,64140096,buy
868,9.85976677,1531215762,6535.1,0.00150874,64140101,buy
869,7.5715015,1531215764,6535.1,0.00115859,64140106,buy
870,52.2808,1531215765,6535.1,0.008,64140107,buy
871,7.5715015,1531215766,6535.1,0.00115859,64140112,buy
872,6.5351,1531215768,6535.1,0.001,64140117,buy
873,7.5715015,1531215768,6535.1,0.00115859,64140118,buy
874,163.3775,1531215769,6535.1,0.025,64140119,buy
875,19.6053,1531215770,6535.1,0.003,64140120,buy
876,19.47810279,1531215843,6537,0.00297967,64140154,buy
877,0.13289721,1531215846,6537,0.00002033,64140160,buy
878,6.5373,1531215846,6537.3,0.001,64140161,buy
879,108.32117082,1531215846,6538.2,0.01656743,64140162,buy
880,43.74467706,1531215853,6538.2,0.00669063,64140185,buy
881,94.95993876,1531215897,6537.999999,0.01452431,64140220,buy
882,191.59877055,1531215905,6537.999999,0.02930541,64140228,buy
883,13.074,1531215920,6537,0.002,64140238,buy
884,6.537,1531215926,6537,0.001,64140261,buy
885,777.2390874,1531215928,6532,0.11898945,64140263,sell
886,65.3,1531215950,6530,0.01,64140289,sell
887,130.5,1531215950,6525,0.02,64140290,sell
888,12.54271134,1531215953,6522.81,0.0019229,64140312,sell
889,12.67316754,1531215955,6522.81,0.0019429,64140322,sell
890,12.00366633,1531215955,6522.81,0.00184026,64140325,sell
891,6.52281,1531215957,6522.81,0.001,64140332,sell
892,6.52281,1531215959,6522.81,0.001,64140337,sell
893,6.52281,1531215959,6522.81,0.001,64140342,sell
894,8.44012477,1531215963,6522.81,0.00129394,64140352,sell
895,6.521,1531215965,6521.00000001,0.001,64140357,sell
896,13.08125642,1531215966,6521.00000001,0.00200602,64140358,sell
897,6.521,1531215966,6521,0.001,64140359,sell
898,216.37864822,1531215966,6521,0.03318182,64140360,sell
899,6.52079,1531215966,6520.79,0.001,64140361,sell
900,65.2,1531215966,6520,0.01,64140362,sell
901,6.52,1531215966,6520,0.001,64140363,sell
902,65.2,1531215966,6520,0.01,64140364,sell
903,13.04,1531215966,6520,0.002,64140365,sell
904,30.8383612,1531215966,6520,0.00472981,64140366,sell
905,19.59654498,1531215966,6519.10000001,0.00300602,64140367,sell
906,42.70461884,1531215966,6518.90336203,0.00655089,64140368,sell
907,65.17,1531215966,6517,0.01,64140369,sell
908,44.960783,1531215966,6517,0.006899,64140370,sell
909,19.5842233,1531215966,6515.00100001,0.00300602,64140371,sell
910,91.50299359,1531215966,6515.001,0.01404497,64140372,sell
911,19.5842203,1531215966,6515.00000001,0.00300602,64140373,sell
912,65.15,1531215966,6515,0.01,64140374,sell
913,68.11317568,1531215966,6512,0.01045964,64140375,sell
914,35.87604064,1531215966,6512,0.00550922,64140376,sell
915,6.512,1531215966,6512,0.001,64140377,sell
916,12.11108812,1531215966,6511.3377,0.00186,64140378,sell
917,65.1,1531215966,6510,0.01,64140379,sell
918,651,1531215966,6510,0.1,64140380,sell
919,6.508,1531215966,6508,0.001,64140381,sell
920,227.31409228,1531215966,6508,0.03492841,64140382,sell
921,10.43914285,1531215966,6521,0.00160085,64140383,buy
922,33.00590772,1531215968,6508,0.00507159,64140387,sell
923,319.5241,1531215971,6520.9,0.049,64140406,buy
924,19.56299999,1531215971,6520.99999999,0.003,64140407,buy
925,2488.25109668,1531215971,6521,0.38157508,64140408,buy
926,26.77472734,1531215978,6506,0.00411539,64140425,sell
927,15.98165952,1531215978,6505.8658758,0.0024565,64140426,sell
928,656.27553518,1531215978,6505.10000001,0.10088631,64140427,sell
929,20.7384075,1531215979,6525,0.0031783,64140431,buy
930,995.2803,1531215982,6505.10000003,0.153,64140437,sell
931,1086.3517,1531215988,6505.10000005,0.167,64140449,sell
932,539.9233,1531215988,6505.10000004,0.083,64140450,sell
933,50.08139882,1531216011,6505.1,0.00769879,64140468,sell
934,69.3367444,1531216014,6520,0.01063447,64140472,buy
935,546.4284,1531216024,6505.10000004,0.084,64140491,sell
936,995.2803,1531216024,6505.10000003,0.153,64140492,sell
937,65.05,1531216024,6505,0.01,64140493,sell
938,6.505,1531216024,6505,0.001,64140494,sell
939,615.5072632,1531216024,6505,0.09462064,64140495,sell
940,41.02609173,1531216024,6524.899999,0.00628762,64140497,buy
941,40.37738617,1531216025,6524.899999,0.0061882,64140507,buy
942,28.26417032,1531216027,6524.899999,0.00433174,64140515,sell
943,23.14100851,1531216038,6520.1,0.00354918,64140537,buy
944,73.16125221,1531216039,6505.20000003,0.01124658,64140539,sell
945,273.2688,1531216060,6506.40000015,0.042,64140562,sell
946,208.2048,1531216060,6506.40000014,0.032,64140563,sell
947,995.3109,1531216060,6505.30000004,0.153,64140564,sell
948,6.5051099,1531216060,6505.1099,0.001,64140565,sell
949,685.4927368,1531216060,6505,0.10537936,64140566,sell
950,6.50232489,1531216060,6502.32489808,0.001,64140567,sell
951,756.159202,1531216060,6501.8642234,0.11629883,64140568,sell
952,2.23626389,1531216066,6520.1,0.00034298,64140573,buy
953,27.2676832,1531216081,6520,0.00418216,64140589,buy
954,253.0923168,1531216088,6520,0.03881784,64140593,buy
955,18.79197141,1531216088,6520.1,0.00288216,64140594,buy
956,28.78955017,1531216125,6501.13250606,0.00442839,64140677,sell
957,11.71508265,1531216127,6524.8,0.00179547,64140687,buy
958,9.65605152,1531216131,6524.8,0.0014799,64140700,buy
959,201.54231536,1531216135,6501.36501175,0.031,64140708,sell
960,994.69354679,1531216135,6501.26501175,0.153,64140709,sell
961,859.21997261,1531216135,6501.1650118,0.132164,64140710,sell
962,994.67327342,1531216135,6501.13250607,0.153,64140711,sell
963,200.464836,1531216135,6501,0.030836,64140712,sell
964,10.09465415,1531216201,6505,0.00155183,64140795,buy
965,6.50513252,1531216274,6505.13252551,0.001,64140842,sell
966,13.89997647,1531216278,6505.1650513,0.00213676,64140863,sell
967,15.44762927,1531216292,6505.49757777,0.00237455,64140887,sell
968,6.5248,1531216392,6524.8,0.001,64140961,buy
969,41.03789033,1531216392,6534.79997,0.0062799,64140962,buy
970,6.53483652,1531216392,6534.83652257,0.001,64140963,buy
971,228.97676975,1531216392,6542.19342154,0.035,64140964,buy
972,6.87086413,1531216392,6544.30339752,0.0010499,64140965,buy
973,407.68867765,1531216392,6554.7638259,0.06219731,64140966,buy
974,6.53019999,1531216406,6530.19999999,0.001,64140992,buy
975,99.99998695,1531216479,6533.5,0.01530573,64141051,buy
976,6.5334,1531216496,6533.4,0.001,64141056,sell
977,1533.37501304,1531216511,6533.5,0.23469427,64141061,buy
978,873.69224654,1531216517,6545.4918081,0.13348,64141062,buy
979,3713.1596273,1531216517,6554.33105152,0.56652,64141063,buy
980,20.40416515,1531216529,6535.00000001,0.00312229,64141064,sell
981,954.9004736,1531216529,6535,0.14612096,64141065,sell
982,778.87247195,1531216550,6535,0.11918477,64141070,sell
983,156.8016,1531216550,6533.4,0.024,64141071,sell
984,6.525,1531216575,6525,0.001,64141080,buy
985,1303.6,1531216653,6518,0.2,64141120,sell
986,152.4978,1531216653,6517,0.0234,64141121,sell
987,742.88100047,1531216653,6516.50000419,0.114,64141122,sell
988,1322.181,1531216653,6510,0.2031,64141123,sell
989,395.9997602,1531216653,6508,0.06084815,64141124,sell
990,6.50593017,1531216653,6505.93017462,0.001,64141125,sell
991,6.50310998,1531216653,6503.10998,0.001,64141126,sell
992,6.50232489,1531216653,6502.32489808,0.001,64141127,sell
993,150.11566054,1531216653,6501.22369405,0.02309037,64141128,sell
994,188.5725,1531216686,6502.50000003,0.029,64141154,sell
995,71.5264,1531216686,6502.40000003,0.011,64141155,sell
996,6.515,1531216726,6515,0.001,64141204,buy
997,25.50829545,1531216762,6502.32489808,0.00392295,64141231,sell
998,16.89596112,1531216805,6504,0.00259778,64141293,buy
999,185.56679472,1531216806,6504,0.02853118,64141296,buy
1000,6.504,1531216830,6504,0.001,64141343,buy
1001,6.504,1531216831,6504,0.001,64141348,buy
1002,262.66612128,1531216844,6504,0.04038532,64141357,buy
1003,48.44739826,1531216853,6509,0.00744314,64141365,buy
1004,27.90284629,1531216863,6509,0.00428681,64141382,buy
1005,39.0300006,1531216864,6505.0001,0.006,64141388,sell
1006,19.53201193,1531216866,6509,0.00300077,64141405,buy
1007,13.67241486,1531216868,6509,0.00210054,64141409,buy
1008,31.90230134,1531216875,6509,0.00490126,64141443,buy
1009,6.51,1531216884,6510,0.001,64141462,buy
1010,6.51,1531216886,6510,0.001,64141467,buy
1011,183.6250311,1531216900,6510,0.02820661,64141474,buy
1012,40.0099392,1531216930,6510,0.00614592,64141490,buy
1013,12.6780297,1531216933,6510,0.00194747,64141494,buy
1014,261.2,1531216990,6530,0.04,64141528,buy
1015,697.57822256,1531216990,6530.7,0.10681523,64141529,buy
1016,6.53483652,1531216993,6534.83652257,0.001,64141530,buy
1017,1014.46510344,1531216993,6534.99999999,0.15523567,64141531,buy
1018,1633.25,1531217006,6533,0.25,64141534,sell
1019,348.07445086,1531217012,6533,0.05327942,64141536,sell
1020,6.533,1531217024,6533,0.001,64141540,sell
1021,1038.12865155,1531217027,6533,0.15890535,64141541,sell
1022,49.76050473,1531217048,6513.3,0.00763983,64141555,buy
1023,14.861592,1531217049,6513.3,0.00228173,64141559,buy
1024,132.91997435,1531217060,6513.3,0.02040747,64141567,buy
1025,6.5133,1531217064,6513.3,0.001,64141571,buy
1026,6.5133,1531217065,6513.3,0.001,64141574,buy
1027,6.5133,1531217067,6513.3,0.001,64141579,buy
1028,21.24586353,1531217068,6513.3,0.00326192,64141583,buy
1029,14.87207842,1531217070,6513.3,0.00228334,64141591,buy
1030,10.41046792,1531217071,6513.3,0.00159834,64141594,buy
1031,179.33004481,1531217072,6509,0.02755109,64141595,sell
1032,7.28734057,1531217073,6513.3,0.00111884,64141598,buy
1033,6.5133,1531217074,6513.3,0.001,64141601,buy
1034,6.5133,1531217076,6513.3,0.001,64141616,buy
1035,6.5133,1531217088,6513.3,0.001,64141625,buy
1036,7.4496534,1531217118,6510,0.00114434,64141637,sell
1037,6.5133,1531217131,6513.3,0.001,64141641,buy
1038,6.5143,1531217133,6514.3,0.001,64141644,buy
1039,34.45673842,1531217163,6514.3,0.0052894,64141655,sell
1040,51.59807658,1531217167,6514.3,0.00792074,64141658,sell
1041,31.60249787,1531217168,6514.3,0.00485125,64141661,sell
1042,13.0378,1531217173,6518.9,0.002,64141663,buy
1043,58.6701,1531217180,6518.9,0.009,64141664,buy
1044,45.6323,1531217181,6518.9,0.007,64141665,buy
1045,6.5189,1531217182,6518.9,0.001,64141666,buy
1046,150.30105,1531217192,6515,0.02307,64141670,sell
1047,61.56807699,1531217198,6518.9,0.00944455,64141680,buy
1048,43.0976213,1531217200,6518.9,0.00661118,64141689,buy
1049,30.16836098,1531217202,6518.9,0.00462783,64141694,buy
1050,21.11784617,1531217204,6518.9,0.00323948,64141702,buy
1051,14.78251839,1531217206,6518.9,0.00226764,64141713,buy
1052,10.34771072,1531217208,6518.9,0.00158734,64141718,buy
1053,7.24341054,1531217210,6518.9,0.00111114,64141726,buy
1054,6.5189,1531217212,6518.9,0.001,64141733,buy
1055,6.5189,1531217213,6518.9,0.001,64141740,buy
1056,24.54255028,1531217215,6518.9,0.00376483,64141751,buy
1057,112.7379054,1531217236,6515,0.01730436,64141796,sell
1058,52.0992,1531217239,6512.4,0.008,64141797,buy
1059,52.0992,1531217239,6512.4,0.008,64141798,buy
1060,79.8680736,1531217250,6512.4,0.012264,64141800,buy
1061,14.4598167,1531217298,6510,0.00222117,64141818,sell
1062,15.624,1531217300,6510,0.0024,64141828,sell
1063,13.820079,1531217301,6510,0.0021229,64141832,sell
1064,6.51,1531217301,6510,0.001,64141837,sell
1065,6.51,1531217302,6510,0.001,64141840,sell
1066,9.6740553,1531217304,6510,0.00148603,64141844,sell
1067,7.0807317,1531217304,6510,0.00108767,64141846,sell
1068,6.51,1531217306,6510,0.001,64141851,sell
1069,6.51,1531217307,6510,0.001,64141855,sell
1070,3.5016639,1531217318,6510,0.00053789,64141860,sell
1071,5.7171378,1531217318,6509.1,0.00087833,64141861,sell
1072,42.15801192,1531217338,6509,0.00647688,64141881,sell
1073,362.08167565,1531217353,6509,0.05562785,64141885,sell
1074,6.5124,1531217364,6512.4,0.001,64141891,buy
1075,6.5124,1531217365,6512.4,0.001,64141894,buy
1076,480.69066384,1531217393,6512.4,0.0738116,64141911,buy
1077,44.05469277,1531217399,6512.4,0.00676474,64141915,buy
1078,30.83829796,1531217401,6512.4,0.00473532,64141918,buy
1079,21.58678252,1531217402,6512.4,0.00331472,64141922,buy
1080,1627.25,1531217424,6509,0.25,64141960,sell
1081,1627.25,1531217445,6509,0.25,64141962,sell
1082,646.63029127,1531217466,6509,0.09934403,64141977,sell
1083,260.36,1531217466,6509,0.04,64141978,sell
1084,195.246,1531217466,6508.20000003,0.03,64141979,sell
1085,524.66708485,1531217466,6505,0.08065597,64141980,sell
1086,6.512,1531217479,6512,0.001,64141993,sell
1087,253.968,1531217487,6512,0.039,64142002,sell
1088,234.18,1531217487,6505,0.036,64142003,sell
1089,445.32390855,1531217508,6505,0.06845871,64142008,sell
1090,19.515,1531217508,6505,0.003,64142009,sell
1091,6.50232489,1531217508,6502.32489808,0.001,64142010,sell
1092,16.5237217,1531217508,6502.1,0.00254129,64142011,sell
1093,178.53927829,1531217529,6502.1,0.02745871,64142015,sell
1094,110.62926521,1531217529,6502.1,0.01701439,64142016,sell
1095,27.30462,1531217529,6501.1,0.0042,64142017,sell
1096,1308.82819016,1531217529,6501.01,0.2013269,64142018,sell
1097,487.57575,1531217571,6501.01,0.075,64142043,sell
1098,205.33993686,1531217572,6517.51362101,0.03150587,64142045,buy
1099,58.67073198,1531217592,6502,0.00902349,64142052,sell
1100,1566.59070127,1531217592,6501.01,0.24097651,64142053,sell
1101,96.865049,1531217596,6501.01,0.0149,64142055,sell
1102,945.43550678,1531217604,6517.41361999,0.14506299,64142057,buy
1103,1625.2525,1531217613,6501.01,0.25,64142066,sell
1104,7.77898936,1531217626,6517.41361599,0.00119357,64142091,buy
1105,156.24,1531217628,6510,0.024,64142095,sell
1106,416.50553849,1531217634,6501.01,0.06406782,64142103,sell
1107,24.18382221,1531217636,6501.01,0.00372001,64142104,sell
1108,10.26985342,1531217658,6502.5,0.00157937,64142119,buy
1109,7.1889039,1531217671,6502.5,0.00110556,64142129,buy
1110,1608.16624267,1531217676,6502.5,0.24731507,64142134,buy
1111,321.76900092,1531217707,6501.1075157,0.04949449,64142146,sell
1112,664.15486251,1531217775,6509,0.10203639,64142169,buy
1113,1627.375,1531217823,6509.5,0.25,64142177,buy
1114,65.27899999,1531217823,6527.89999999,0.01,64142178,buy
1115,63.6596213,1531217911,6505,0.00978626,64142230,buy
1116,19.157225,1531217912,6505,0.002945,64142233,buy
1117,9.7575,1531217933,6505,0.0015,64142241,buy
1118,10.72485855,1531217940,6505,0.00164871,64142256,buy
1119,7.1555,1531217942,6505,0.0011,64142263,buy
1120,6.505,1531217945,6505,0.001,64142282,buy
1121,16.70503515,1531217947,6505,0.00256803,64142293,buy
1122,11.6935181,1531217949,6505,0.00179762,64142298,buy
1123,8.1855017,1531217951,6505,0.00125834,64142303,buy
1124,6.505,1531217953,6505,0.001,64142308,buy
1125,6.505,1531217955,6505,0.001,64142313,buy
1126,6.63230285,1531217957,6505,0.00101957,64142319,buy
1127,6.505,1531217959,6505,0.001,64142328,buy
1128,6.505,1531217961,6505,0.001,64142333,buy
1129,7.53662795,1531218035,6505,0.00115859,64142388,buy
1130,131.51581325,1531218056,6505,0.02021765,64142394,buy
1131,26.65947646,1531218068,6513.39999999,0.00409302,64142400,buy
1132,6.51339999,1531218070,6513.39999999,0.001,64142404,sell
1133,6.51339999,1531218071,6513.39999999,0.001,64142410,sell
1134,9.6499929,1531218072,6513.4,0.00148156,64142414,buy
1135,6.51339999,1531218072,6513.39999999,0.001,64142416,sell
1136,6.5134,1531218074,6513.4,0.001,64142422,sell
1137,6.51339999,1531218088,6513.39999999,0.001,64142444,sell
1138,6.51339999,1531218090,6513.39999999,0.001,64142453,sell
1139,288.15177385,1531218093,6513.39999999,0.04423984,64142459,sell
1140,7.15275,1531218095,6502.5,0.0011,64142467,buy
1141,13.58619345,1531218106,6502.5,0.00208938,64142476,buy
1142,7.53373147,1531218108,6502.5,0.00115859,64142481,buy
1143,7.53373147,1531218111,6502.5,0.00115859,64142487,buy
1144,65.02,1531218144,6502,0.01,64142512,sell
1145,9.012465,1531218146,6502.5,0.001386,64142516,buy
1146,6.5025,1531218148,6502.5,0.001,64142522,buy
1147,6.5025,1531218150,6502.5,0.001,64142527,buy
1148,28.48036477,1531218152,6502.5,0.00437991,64142533,buy
1149,1251.65120422,1531218153,6502.5,0.19248769,64142537,buy
1150,352.7218701,1531218153,6502.5,0.05424404,64142538,buy
1151,40.03582568,1531218153,6514,0.00614612,64142539,buy
1152,352.38102603,1531218153,6525.57455624,0.054,64142540,buy
1153,3099.89000982,1531218153,6525.67455624,0.47502982,64142541,buy
1154,53.16338818,1531218159,6504.4,0.00817345,64142562,buy
1155,20.09344027,1531218159,6502.50000001,0.00309011,64142563,sell
1156,6.5025,1531218160,6502.5,0.001,64142569,sell
1157,6.5020001,1531218160,6502.0001,0.001,64142570,sell
1158,20.63416202,1531218160,6502,0.00317351,64142571,sell
1159,195.132,1531218168,6504.4,0.03,64142606,buy
1160,198.62096016,1531218171,6504.4,0.0305364,64142611,buy
1161,195.132,1531218172,6504.4,0.03,64142616,buy
1162,199.77536107,1531218173,6504.4,0.03071388,64142620,buy
1163,137.89145876,1531218174,6504.4,0.02119972,64142627,buy
1164,56.58828,1531218175,6504.4,0.0087,64142629,buy
1165,176.93893302,1531218176,6504.4,0.02720296,64142634,buy
1166,123.85730515,1531218178,6504.4,0.01904208,64142643,buy
1167,123.85730515,1531218178,6504.4,0.01904208,64142644,buy
1168,49.54290905,1531218181,6504.4,0.00761683,64142657,buy
1169,49.54290905,1531218181,6504.4,0.00761683,64142658,buy
1170,19.81715061,1531218184,6504.4,0.00304673,64142666,buy
1171,34.66723356,1531218187,6502,0.00533178,64142682,sell
1172,13.87199892,1531218189,6504.4,0.00213271,64142697,buy
1173,13.87199892,1531218190,6504.4,0.00213271,64142698,buy
1174,6.5044,1531218191,6504.4,0.001,64142702,buy
1175,6.5044,1531218193,6504.4,0.001,64142710,buy
1176,6.502,1531218195,6502,0.001,64142716,sell
1177,5.48724192,1531218219,6504.4,0.00084362,64142774,buy
1178,189.6622519,1531218241,6505,0.02915638,64142802,sell
1179,77.96366144,1531218241,6502,0.01199072,64142803,sell
1180,1289.94886706,1531218241,6501.01,0.19842284,64142804,sell
1181,67.80582006,1531218241,6501,0.01043006,64142805,sell
1182,6.5056,1531218263,6505.6,0.001,64142833,buy
1183,120.50036633,1531218265,6505.6,0.01852256,64142837,buy
1184,84.35024342,1531218268,6505.6,0.01296579,64142842,buy
1185,59.04515088,1531218271,6505.6,0.00907605,64142847,buy
1186,41.33163814,1531218274,6505.6,0.00635324,64142853,buy
1187,29.00671388,1531218276,6505.6,0.00445873,64142859,buy
1188,20.2525183,1531218277,6505.6,0.00311309,64142862,buy
1189,14.21330476,1531218278,6505.6,0.00218478,64142866,buy
1190,39.92447686,1531218279,6505.6,0.00613694,64142868,buy
1191,9.9492743,1531218280,6505.6,0.00152934,64142876,buy
1192,9.92370729,1531218280,6505.6,0.00152541,64142877,buy
1193,41.578916,1531218285,6505.6,0.00639125,64142888,buy
1194,8.6568718,1531218285,6505.6,0.00133068,64142891,buy
1195,7.5373231,1531218286,6505.6,0.00115859,64142896,buy
1196,32.99998128,1531218318,6505.6,0.00507255,64142906,buy
1197,7.5373231,1531218321,6505.6,0.00115859,64142911,buy
1198,98.99994384,1531218329,6505.6,0.01521765,64142914,buy
1199,170.35017689,1531218352,6505.6,0.02618516,64142922,buy
1200,8330.454027,1531218413,6504.61,1.2807,64142953,buy
1201,453.98522905,1531218428,6505.6,0.06978376,64142981,buy
1202,91.028,1531218505,6502,0.014,64143038,sell
1203,22.50281213,1531218505,6501.11,0.00346138,64143039,sell
1204,242.34180762,1531218505,6501.00000001,0.03727762,64143040,sell
1205,776.09406072,1531218506,6501.00000001,0.11938072,64143041,sell
1206,6300.33974394,1531218506,6501,0.96913394,64143042,sell
1207,1300.2,1531218506,6501,0.2,64143043,sell
1208,6.501,1531218506,6501,0.001,64143044,sell
1209,164.30516883,1531218506,6501,0.02527383,64143045,sell
1210,211.84789197,1531218506,6501,0.03258697,64143046,sell
1211,69.91426,1531218506,6500,0.01075604,64143047,sell
1212,130,1531218506,6500,0.02,64143048,sell
1213,97.5,1531218506,6500,0.015,64143049,sell
1214,6.5,1531218506,6500,0.001,64143050,sell
1215,260,1531218506,6500,0.04,64143051,sell
1216,13,1531218506,6500,0.002,64143052,sell
1217,187.915,1531218506,6500,0.02891,64143053,sell
1218,130,1531218506,6500,0.02,64143054,sell
1219,69.962425,1531218506,6500,0.01076345,64143055,sell
1220,181.478115,1531218506,6500,0.02791971,64143056,sell
1221,65,1531218506,6500,0.01,64143057,sell
1222,1635.522785,1531218506,6500,0.25161889,64143058,sell
1223,10.115495,1531218506,6500,0.00155623,64143059,sell
1224,32.5,1531218506,6500,0.005,64143060,sell
1225,6.565,1531218506,6500,0.00101,64143061,sell
1226,58.72529,1531218506,6500,0.00903466,64143062,sell
1227,32.5,1531218506,6500,0.005,64143063,sell
1228,34.45,1531218506,6500,0.0053,64143064,sell
1229,143.04589,1531218506,6500,0.02200706,64143065,sell
1230,65,1531218506,6500,0.01,64143066,sell
1231,130,1531218506,6500,0.02,64143067,sell
1232,39,1531218506,6500,0.006,64143068,sell
1233,1296.36221,1531218506,6500,0.19944034,64143069,sell
1234,100.01719,1531218506,6500,0.01538726,64143070,sell
1235,94.76246,1531218506,6500,0.01457884,64143071,sell
1236,9.75,1531218506,6500,0.0015,64143072,sell
1237,54.535,1531218506,6500,0.00839,64143073,sell
1238,32.5,1531218506,6500,0.005,64143074,sell
1239,67.86507,1531218506,6500,0.01044078,64143075,sell
1240,130,1531218506,6500,0.02,64143076,sell
1241,8.41542,1531218506,6500,0.00129468,64143077,sell
1242,9.75,1531218506,6500,0.0015,64143078,sell
1243,49.14767,1531218506,6500,0.00756118,64143079,sell
1244,19.0073,1531218507,6500,0.0029242,64143081,buy
1245,109.71753,1531218517,6500,0.01687962,64143089,buy
1246,23.87179357,1531218527,6508.3,0.0036679,64143096,buy
1247,8817.46992,1531218536,6501.6,1.3562,64143101,sell
1248,16.54997416,1531218544,6508,0.00254302,64143105,buy
1249,7.13947,1531218587,6500,0.00109838,64143123,sell
1250,2.87053,1531218587,6500,0.00044162,64143124,sell
1251,1154.97879496,1531218604,6508,0.17747062,64143137,buy
1252,9759.75,1531218669,6506.5,1.5,64143151,buy
1253,7.1511,1531218901,6501,0.0011,64143290,sell
1254,6.501,1531218901,6501,0.001,64143291,sell
1255,4.65946,1531218901,6500,0.00071684,64143292,sell
1256,6.5,1531218901,6500,0.001,64143293,sell
1257,25.22,1531218901,6500,0.00388,64143294,sell
1258,116.99982,1531218901,6499.99,0.018,64143295,sell
1259,599.61672152,1531218901,6496.16677832,0.09230316,64143296,sell
1260,993.91351708,1531218921,6496.16677833,0.153,64143312,sell
1261,3512.45684915,1531218921,6496.16677832,0.54069684,64143313,sell
1262,6.51099999,1531218976,6510.99999999,0.001,64143397,sell
1263,11.64024469,1531219019,6497.55771711,0.00179148,64143419,sell
1264,10.02693999,1531219072,6510.99999999,0.00154,64143446,buy
1265,113.43844518,1531219131,6500.10000001,0.0174518,64143474,sell
1266,8070.28728,1531219135,6504.1,1.2408,64143475,sell
1267,45.648621,1531219137,6511,0.007011,64143477,buy
1268,174.71695532,1531219143,6511,0.02683412,64143485,buy
1269,45.648621,1531219149,6511,0.007011,64143488,buy
1270,13.70422258,1531219149,6511,0.00210478,64143493,buy
1271,13.71561683,1531219149,6511,0.00210653,64143495,buy
1272,1900.33620539,1531219154,6511,0.29186549,64143497,buy
1273,22.53905236,1531219158,6523,0.00345532,64143502,buy
1274,6.5245,1531219163,6524.5,0.001,64143505,buy
1275,15.6588,1531219166,6524.5,0.0024,64143508,buy
1276,6.5245,1531219166,6524.5,0.001,64143509,buy
1277,6.5245,1531219169,6524.5,0.001,64143510,buy
1278,6.524,1531219186,6524,0.001,64143515,buy
1279,6.524,1531219186,6524,0.001,64143516,buy
1280,118.9325007,1531219194,6524.5,0.0182286,64143531,buy
1281,89.29756925,1531219194,6524.5,0.0136865,64143534,buy
1282,89.33619429,1531219194,6524.5,0.01369242,64143535,buy
1283,6.5253,1531219216,6525.3,0.001,64143543,buy
1284,6.5253,1531219217,6525.3,0.001,64143545,buy
1285,7.17783,1531219218,6525.3,0.0011,64143549,buy
1286,6.528,1531219225,6528,0.001,64143557,buy
1287,6.528,1531219230,6528,0.001,64143561,buy
1288,6.528,1531219235,6528,0.001,64143569,buy
1289,6.528,1531219235,6528,0.001,64143570,buy
1290,6.528,1531219250,6528,0.001,64143581,buy
1291,85.29001728,1531219251,6528,0.01306526,64143590,buy
1292,57.33764352,1531219251,6528,0.00878334,64143593,buy
1293,17.27596032,1531219252,6528,0.00264644,64143596,buy
1294,22.21563264,1531219252,6528,0.00340313,64143597,buy
1295,46.36074624,1531219256,6528,0.00710183,64143600,buy
1296,23.63922887,1531219256,6530.3,0.00361993,64143601,buy
1297,7.6362063,1531219265,6530.3,0.00116935,64143612,buy
1298,8.64755386,1531219265,6530.3,0.00132422,64143615,buy
1299,8482.11,1531219302,6524.7,1.3,64143638,buy
1300,13.3546989,1531219370,6530,0.00204513,64143668,buy
1301,6.53483652,1531219370,6534.83652257,0.001,64143669,buy
1302,100.00150921,1531219370,6534.9999,0.01530245,64143670,buy
1303,100.00000616,1531219370,6534.9999,0.01530222,64143671,buy
1304,564.298557,1531219370,6535,0.0863502,64143672,buy
1305,7.1874,1531219459,6534,0.0011,64143745,buy
1306,39.88830582,1531219480,6534,0.00610473,64143798,buy
1307,152.88574992,1531219480,6534.89999999,0.02339527,64143799,buy
1308,6.53,1531219492,6530,0.001,64143813,buy
1309,211.5287714,1531219492,6530,0.03239338,64143814,buy
1310,226.8442334,1531219492,6530,0.03473878,64143817,buy
1311,226.8442334,1531219493,6530,0.03473878,64143820,buy
1312,226.8442334,1531219493,6530,0.03473878,64143823,buy
1313,143.6578,1531219493,6529.9,0.022,64143826,buy
1314,226.8409684,1531219493,6530,0.03473828,64143831,buy
1315,326.5,1531219493,6530,0.05,64143833,buy
1316,226.8409684,1531219494,6530,0.03473828,64143835,buy
1317,216.2933206,1531219494,6530,0.03312302,64143838,buy
1318,9782.865,1531219515,6521.91,1.5,64143847,sell
1319,7.0031638,1531219556,6530,0.00107246,64143863,buy
1320,6.59025,1531219632,6525,0.00101,64143906,sell
1321,1.21683654,1531219632,6519,0.00018666,64143907,sell
1322,6.53,1531219720,6530,0.001,64143947,buy
1323,6.58487412,1531219726,6516,0.00101057,64143949,sell
1324,60.0196981,1531219726,6515,0.00921254,64143950,sell
1325,66.3831592,1531219726,6515,0.01018928,64143952,sell
1326,20.12993767,1531219867,6534.39989999,0.00308061,64144047,buy
1327,24.88364825,1531219868,6534.39989999,0.0038081,64144055,buy
1328,24.90279405,1531219869,6534.39989999,0.00381103,64144056,buy
1329,134.1312182,1531219908,6534.09987799,0.02052788,64144089,buy
1330,53.42877835,1531219915,6533.99987699,0.00817704,64144092,buy
1331,11642.304414,1531219941,6532.18,1.7823,64144105,buy
1332,6.53,1531219962,6530,0.001,64144169,sell
1333,25.5099564,1531220035,6520,0.00391257,64144264,sell
1334,0.0060636,1531220064,6520,0.00000093,64144282,sell
1335,25.3144234,1531220064,6515,0.00388556,64144283,sell
1336,10435.152,1531220087,6521.97,1.6,64144293,sell
1337,16.39812524,1531220134,6533.29983,0.00250993,64144388,buy
1338,16.51194175,1531220135,6515.00000001,0.00253445,64144389,sell
1339,12.92881236,1531220141,6533.29983,0.00197891,64144397,buy
1340,6.55480105,1531220263,6535,0.00100303,64144473,buy
1341,45.06281135,1531220264,6535,0.00689561,64144475,buy
1342,139.4971556,1531220264,6535,0.02134616,64144476,buy
1343,40.5333375,1531220276,6535,0.0062025,64144487,buy
1344,12.05138955,1531220276,6535,0.00184413,64144490,buy
1345,12.31194,1531220280,6535,0.001884,64144496,buy
1346,189.42422885,1531220283,6535,0.02898611,64144498,buy
1347,257.88369704,1531220283,6536,0.03945589,64144499,buy
1348,9337.6855,1531220289,6529.85,1.43,64144506,buy
1349,6.53579998,1531220330,6535.79998,0.001,64144538,buy
1350,7.81668606,1531220330,6535.79998,0.00119598,64144540,buy
1351,19.6076997,1531220358,6535.8999,0.003,64144562,buy
1352,9.09581592,1531220358,6535.89998,0.00139167,64144563,buy
1353,6.53589998,1531220360,6535.89998,0.001,64144572,buy
1354,6.53589998,1531220362,6535.89998,0.001,64144575,buy
1355,0.00006515,1531220399,6515.00000001,0.00000001,64144601,sell
1356,0.00605895,1531220399,6515,0.00000093,64144602,sell
1357,7.14445734,1531220399,6513.55446187,0.00109686,64144603,sell
1358,202.06877045,1531220424,6514.05446192,0.03102043,64144611,sell
1359,26.60899131,1531220481,6535.69995998,0.00407133,64144638,buy
1360,102.09096658,1531220481,6535.69995999,0.01562051,64144639,buy
1361,6.86366138,1531220481,6535.69995999,0.00105018,64144640,buy
1362,57.04687824,1531220482,6512.00000003,0.00876027,64144641,sell
1363,9.15992364,1531220511,6535.79996,0.0014015,64144666,buy
1364,6.53579996,1531220511,6535.79996,0.001,64144669,buy
1365,8.15465225,1531220521,6535.79996,0.00124769,64144676,buy
1366,6.8363814,1531220529,6535.79996,0.00104599,64144684,buy
1367,8480.53492,1531220539,6533.54,1.298,64144688,buy
1368,7.53466626,1531220544,6535.79996,0.00115283,64144694,buy
1369,7.53466626,1531220546,6535.79996,0.00115283,64144700,buy
1370,22.97294471,1531220565,6535.79996,0.00351494,64144747,buy
1371,17.3992145,1531220603,6535.79996,0.00266214,64144782,buy
1372,12.17946322,1531220605,6535.79996,0.0018635,64144787,buy
1373,40.27752083,1531220605,6535.79996,0.0061626,64144789,buy
1374,11.27327456,1531220606,6535.79996,0.00172485,64144800,buy
1375,13.36120121,1531220607,6535.79996,0.00204431,64144801,buy
1376,6.53579996,1531220608,6535.79996,0.001,64144806,buy
1377,6.53579996,1531220610,6535.79996,0.001,64144811,buy
1378,7.00402466,1531220612,6535.79996,0.00107164,64144815,buy
1379,32.9989272,1531220625,6535.79996,0.00504895,64144852,buy
1380,16.11865521,1531220637,6535.79996,0.00246621,64144861,buy
1381,27.97721728,1531220637,6536,0.00428048,64144863,buy
1382,22.6956064,1531220645,6536,0.0034724,64144871,buy
1383,22.69554104,1531220646,6536,0.00347239,64144878,buy
1384,6.771296,1531220659,6536,0.001036,64144889,buy
1385,6.536,1531220661,6536,0.001,64144892,buy
1386,6.536,1531220662,6536,0.001,64144896,buy
1387,6.5359,1531220664,6535.9,0.001,64144901,buy
1388,6.5359,1531220669,6535.9,0.001,64144914,sell
1389,9142.98,1531220679,6530.7,1.4,64144918,buy
1390,26.5357395,1531220707,6525.00000001,0.00406678,64144929,sell
1391,45.573318,1531220778,6531,0.006978,64144963,buy
1392,10.4496,1531220792,6531,0.0016,64144967,buy
1393,45.638628,1531220792,6531,0.006988,64144969,buy
1394,45.645159,1531220801,6531,0.006989,64144975,buy
1395,45.645159,1531220807,6531,0.006989,64144982,buy
1396,59.61353118,1531220847,6531,0.00912778,64144998,buy
1397,32.59974774,1531220847,6531,0.00499154,64145001,buy
1398,92.24138665,1531220894,6530.9,0.01412384,64145059,buy
1399,45.6647513,1531220927,6530.9999,0.006992,64145075,buy
1400,13.68930234,1531220928,6530.9999,0.00209605,64145078,buy
1401,17.55179325,1531220953,6525,0.00268993,64145101,sell
1402,6.52,1531220953,6520,0.001,64145102,sell
1403,8.0848,1531220953,6520,0.00124,64145103,sell
1404,22.49401088,1531220953,6512.00000002,0.00345424,64145104,sell
1405,6.512,1531220953,6512,0.001,64145105,sell
1406,260.48,1531220953,6512,0.04,64145106,sell
1407,40.95584669,1531220953,6503.952901,0.00629707,64145107,sell
1408,19.5118587,1531220953,6503.9529,0.003,64145108,sell
1409,2263.3755396,1531220953,6503.95270001,0.348,64145109,sell
1410,428.6987439,1531220953,6503.44065788,0.06591876,64145110,sell
1411,34.05844757,1531220953,6530.9,0.00521497,64145112,buy
1412,26.50663728,1531220959,6530.89999899,0.00405865,64145119,buy
1413,19.13782281,1531220960,6530.9,0.00293035,64145122,buy
1414,41.04331039,1531220972,6530.899994,0.00628448,64145131,buy
1415,50.25867156,1531220978,6530.9,0.00769552,64145136,buy
1416,15.09277928,1531220978,6530.9,0.00231098,64145144,buy
1417,10.30131918,1531220979,6530.9,0.00157732,64145147,buy
1418,10.30125387,1531220982,6530.9,0.00157731,64145154,buy
1419,29.26593406,1531220994,6503.54090403,0.0045,64145159,sell
1420,6.5309,1531221005,6530.9,0.001,64145167,buy
1421,11660.15728,1531221010,6522.8,1.7876,64145171,buy
1422,4.52950569,1531221020,6530.9,0.00069355,64145179,buy
1423,9.15972748,1531221020,6530.999988,0.0014025,64145180,buy
1424,20.17099346,1531221020,6530.999988,0.0030885,64145183,buy
1425,9.59456148,1531221020,6531,0.00146908,64145186,buy
1426,47.84029341,1531221025,6531,0.00732511,64145189,buy
1427,14.36571822,1531221026,6531,0.00219962,64145193,buy
1428,76.94922165,1531221042,6531,0.01178215,64145202,buy
1429,23.07428424,1531221042,6531,0.00353304,64145206,buy
1430,1008.4267977,1531221100,6510,0.15490427,64145249,sell
1431,49.99998261,1531221103,6530.89999999,0.00765591,64145254,buy
1432,61.38001055,1531221121,6530.89999899,0.0093984,64145262,buy
1433,6.84075,1531221238,6515,0.00105,64145314,sell
1434,6.84075,1531221241,6515,0.00105,64145321,sell
1435,6.84075,1531221245,6515,0.00105,64145325,sell
1436,6.84075,1531221249,6515,0.00105,64145326,sell
1437,6.84075,1531221252,6515,0.00105,64145329,sell
1438,6.84075,1531221256,6515,0.00105,64145330,sell
1439,6.84075,1531221260,6515,0.00105,64145334,sell
1440,271.1543,1531221261,6515,0.04162,64145335,sell
1441,76.29525855,1531221261,6505.00000001,0.01172871,64145336,sell
1442,9.81519288,1531221288,6529.097906,0.0015033,64145363,buy
1443,36.97682778,1531221299,6529.097906,0.00566339,64145383,buy
1444,19.802218,1531221333,6520,0.00303715,64145401,buy
1445,68.198548,1531221347,6520,0.0104599,64145406,buy
1446,26.4537213,1531221359,6506.00000001,0.00406605,64145411,sell
1447,6.506,1531221359,6506,0.001,64145412,sell
1448,643.65914685,1531221359,6505.00000001,0.09894837,64145413,sell
1449,13.00146679,1531221361,6519.99999999,0.00199409,64145416,buy
1450,50.05894461,1531221387,6519.9,0.00767787,64145424,buy
1451,35.04126774,1531221389,6519.9,0.00537451,64145429,buy
1452,24.52890698,1531221390,6519.9,0.00376216,64145433,buy
1453,17.17022184,1531221392,6519.9,0.00263351,64145437,buy
1454,12.03332303,1531221394,6519.9,0.00184563,64145441,buy
1455,8.4233196,1531221396,6519.9,0.00129194,64145446,buy
1456,6.5199,1531221397,6519.9,0.001,64145450,buy
1457,23.88069852,1531221399,6519.9,0.00366274,64145456,buy
1458,6.5199,1531221399,6519.9,0.001,64145459,buy
1459,6.5199,1531221401,6519.9,0.001,64145463,buy
1460,6.5199,1531221403,6519.9,0.001,64145470,buy
1461,6.5199,1531221404,6519.9,0.001,64145474,buy
1462,4.90061763,1531221406,6519.9,0.00075164,64145479,buy
1463,30.1434596,1531221406,6520,0.00462323,64145480,buy
1464,24.5309132,1531221408,6520,0.00376241,64145485,buy
1465,17.1716588,1531221409,6520,0.00263369,64145489,buy
1466,12.0131,1531221411,6520,0.0018425,64145493,buy
1467,6.52,1531221413,6520,0.001,64145497,buy
1468,6.52,1531221415,6520,0.001,64145501,buy
1469,6.52,1531221416,6520,0.001,64145506,buy
1470,6.52,1531221418,6520,0.001,64145510,buy
1471,6.52,1531221420,6520,0.001,64145515,buy
1472,6.52,1531221422,6520,0.001,64145520,buy
1473,6.52,1531221423,6520,0.001,64145524,buy
1474,6.52,1531221430,6520,0.001,64145529,buy
1475,6.52,1531221431,6520,0.001,64145535,buy
1476,6.84075,1531221470,6515,0.00105,64145574,sell
1477,19.55999999,1531221473,6519.99999999,0.003,64145575,buy
1478,9.439982,1531221473,6520,0.00144785,64145576,buy
1479,6.84075,1531221474,6515,0.00105,64145577,sell
1480,5778.7003196,1531221475,6520,0.88630373,64145579,buy
1481,6.846,1531221477,6520,0.00105,64145582,sell
1482,6.846,1531221481,6520,0.00105,64145584,sell
1483,6.846,1531221484,6520,0.00105,64145586,sell
1484,6.846,1531221488,6520,0.00105,64145590,sell
1485,1.615982,1531221492,6520,0.00024785,64145592,sell
1486,6.84075,1531221496,6515,0.00105,64145596,sell
1487,3.97415,1531221509,6515,0.00061,64145598,sell
1488,11.55330525,1531221549,6512.5,0.00177402,64145640,buy
1489,5.230018,1531221556,6520,0.00080215,64145646,buy
1490,1.29188094,1531221556,6529.59790499,0.00019785,64145647,buy
1491,19.571313,1531221572,6514,0.0030045,64145658,sell
1492,15.91435188,1531221572,6512.4,0.0024437,64145660,buy
1493,130.33305194,1531221572,6512.4,0.02001306,64145663,buy
1494,39.11366977,1531221573,6512.4,0.00600603,64145669,buy
1495,16.96362103,1531221614,6516.9,0.00260302,64145691,buy
1496,6.5169,1531221697,6516.9,0.001,64145760,buy
1497,8188.28655,1531221704,6514.15,1.257,64145762,buy
1498,249.99994925,1531221705,6516.9,0.03836179,64145763,buy
1499,7.81194271,1531221735,6510.00650999,0.00119999,64145781,sell
1500,6.5100065,1531221737,6510.00650999,0.001,64145787,buy
1501,7.5049308,1531221737,6510.00650999,0.00115283,64145790,buy
1502,6.5100065,1531221739,6510.00650999,0.001,64145795,buy
1503,192.27271677,1531221739,6510.00650999,0.02953495,64145800,buy
1504,6.5100065,1531221740,6510.00650999,0.001,64145809,buy
1505,132.63786723,1531221742,6510.00650999,0.02037446,64145813,buy
1506,121.909702,1531221742,6510.00650999,0.01872651,64145817,buy
1507,85.33681093,1531221743,6510.00650999,0.01310856,64145823,buy
1508,30.67254667,1531221745,6510.00650999,0.0047116,64145831,buy
1509,30.67254667,1531221746,6510.00650999,0.0047116,64145832,buy
1510,12.26901866,1531221747,6510.00650999,0.00188464,64145836,buy
1511,8.58832608,1531221748,6510.00650999,0.00131925,64145841,buy
1512,8.58832608,1531221749,6510.00650999,0.00131925,64145844,buy
1513,7.5049308,1531221751,6510.00650999,0.00115283,64145849,buy
1514,6.51,1531221784,6510,0.001,64145861,sell
1515,6.505,1531221784,6505,0.001,64145862,sell
1516,59.18223038,1531221784,6503.5418,0.0091,64145863,sell
1517,692.05683044,1531221784,6503.54170005,0.1064123,64145864,sell
1518,3.94617064,1531221823,6510.00650999,0.00060617,64145884,buy
1519,121.05379597,1531221823,6520.7,0.01856454,64145885,buy
1520,8570.54871,1531221838,6507.63,1.317,64145898,sell
1521,7.80423963,1531221851,6503.58722527,0.00119999,64145908,sell
1522,642.55384039,1531221851,6503.58072229,0.09880001,64145909,sell
1523,10.00532554,1531221891,6518,0.00153503,64145946,buy
1524,9.10420134,1531221945,6520.7,0.0013962,64145970,buy
1525,9.00192528,1531222094,6522,0.00138024,64146048,buy
1526,9581.9469,1531222132,6513.9,1.471,64146121,buy
1527,27.98774256,1531222139,6504.23950001,0.004303,64146123,sell
1528,19.9999696,1531222201,6520,0.00306748,64146149,buy
1529,146.0335256,1531222228,6520,0.02239778,64146169,buy
1530,43.8654516,1531222228,6520,0.00672783,64146171,buy
1531,10297.018,1531222323,6517.1,1.58,64146198,buy
1532,7.54349279,1531222355,6520.99999799,0.0011568,64146217,buy
1533,146.2683953,1531222375,6515,0.02245102,64146234,buy
1534,134.2172559,1531222383,6510,0.02061709,64146240,sell
1535,134.2172559,1531222383,6510,0.02061709,64146243,sell
1536,134.2173861,1531222384,6510,0.02061711,64146246,sell
1537,49.1279754,1531222384,6510,0.00754654,64146251,sell
1538,134.08502429,1531222384,6503.580002,0.02061711,64146256,sell
1539,93.54027577,1531222385,6503.580002,0.01438289,64146260,sell
1540,68.35593851,1531222385,6503.57342073,0.01051052,64146263,sell
1541,145.79791092,1531222434,6516,0.02237537,64146302,buy
1542,124.27074108,1531222505,6516,0.01907163,64146391,buy
1543,36.77311116,1531222506,6516,0.00564351,64146400,buy
1544,9.63234216,1531222522,6516,0.00147826,64146408,buy
1545,6.5035498,1531222554,6503.5498,0.001,64146414,sell
1546,49.62969126,1531222554,6503.54090302,0.00763118,64146415,sell
1547,6.50232489,1531222554,6502.32489808,0.001,64146416,sell
1548,191.809,1531222554,6502,0.0295,64146417,sell
1549,65,1531222570,6500,0.01,64146430,sell
1550,14.48564,1531222570,6500,0.00222856,64146431,sell
1551,23.53936,1531222579,6500,0.00362144,64146446,sell
1552,909.90978,1531222579,6500,0.13998612,64146447,sell
1553,15.81719304,1531222581,6501,0.00243304,64146459,buy
1554,15.75205302,1531222581,6501,0.00242302,64146462,buy
1555,7.53199359,1531222583,6501,0.00115859,64146467,buy
1556,203.47522,1531222583,6500,0.03130388,64146469,sell
1557,249.21208,1531222583,6500,0.03834032,64146470,sell
1558,13.00486042,1531222584,6500.967495,0.00200045,64146479,buy
1559,7.53195593,1531222584,6500.967495,0.00115859,64146480,buy
1560,52,1531222587,6500,0.008,64146489,sell
1561,8.9543026,1531222587,6500.967495,0.00137738,64146492,buy
1562,5.477355,1531222588,6500,0.00084267,64146494,sell
1563,324.87414793,1531222590,6497.48295864,0.05,64146515,buy
1564,117.51594583,1531222590,6497.48295864,0.01808638,64146523,buy
1565,119.19073704,1531222590,6497.48295864,0.01834414,64146525,buy
1566,83.43352892,1531222592,6497.48295862,0.0128409,64146542,buy
1567,40.82665423,1531222592,6496.16677831,0.00628473,64146544,sell
1568,1.84172824,1531222592,6496.16677831,0.00028351,64146546,sell
1569,11.14060121,1531222593,6496.16677831,0.00171495,64146554,buy
1570,227.36,1531222593,6496,0.035,64146556,sell
1571,110.432,1531222593,6496,0.017,64146557,sell
1572,11.14060121,1531222594,6496.16677831,0.00171495,64146559,buy
1573,10.99999695,1531222594,6495,0.00169361,64146569,sell
1574,313.75000305,1531222594,6495,0.04830639,64146571,sell
1575,6.4922,1531222595,6492.2,0.001,64146591,sell
1576,214.2426,1531222595,6492.2,0.033,64146592,sell
1577,7.14446427,1531222603,6494.96752499,0.0011,64146688,buy
1578,1.94766,1531222604,6492.2,0.0003,64146689,sell
1579,7.21161043,1531222606,6490.45588234,0.00111111,64146701,sell
1580,9.735,1531222606,6490,0.0015,64146702,sell
1581,177.3644961,1531222606,6490,0.02732889,64146703,sell
1582,12.5734015,1531222613,6490,0.00193735,64146741,sell
1583,12.4443803,1531222614,6490,0.00191747,64146744,sell
1584,122.1177221,1531222614,6490,0.01881629,64146748,sell
1585,6.562688,1531222614,6490,0.0010112,64146749,sell
1586,19.2673173,1531222614,6490,0.00296877,64146750,sell
1587,332.1295142,1531222614,6490,0.05117558,64146751,sell
1588,47.6918948,1531222614,6490,0.00734852,64146752,sell
1589,252.0770516,1531222614,6490,0.03884084,64146753,sell
1590,6.48592515,1531222614,6485.92515382,0.001,64146754,sell
1591,19.49559071,1531222614,6485.51596885,0.00300602,64146755,sell
1592,323.16538375,1531222614,6485,0.04983275,64146756,sell
1593,50.0000148,1531222614,6484.59,0.00771059,64146757,sell
1594,19.4790096,1531222614,6480.00000001,0.00300602,64146758,sell
1595,64.8,1531222614,6480,0.01,64146759,sell
1596,324,1531222614,6480,0.05,64146760,sell
1597,33.94960166,1531222614,6478.931615,0.00524,64146761,sell
1598,100.358874,1531222614,6475,0.01549944,64146762,sell
1599,68.7645,1531222614,6475,0.01062,64146763,sell
1600,112.23903793,1531222614,6474.38908012,0.01733585,64146768,buy
1601,6.47438908,1531222616,6474.38908012,0.001,64146777,buy
1602,64.74,1531222618,6474,0.01,64146793,sell
1603,42.39145325,1531222618,6473.50949507,0.00654845,64146794,sell
1604,6.4728,1531222618,6472.8,0.001,64146795,sell
1605,6.4728,1531222618,6472.8,0.001,64146796,sell
1606,258.84,1531222618,6471,0.04,64146797,sell
1607,281.08393554,1531222618,6470.55168,0.04344049,64146798,sell
1608,6.46997502,1531222618,6469.97502296,0.001,64146799,sell
1609,6.462,1531222618,6462,0.001,64146800,sell
1610,490.9676,1531222618,6460.1,0.076,64146801,sell
1611,64.6,1531222618,6460,0.01,64146802,sell
1612,146.5841184,1531222618,6460,0.02269104,64146803,sell
1613,317.24506492,1531222618,6474.38908011,0.049,64146807,buy
1614,161.859727,1531222619,6474.38908011,0.025,64146812,buy
1615,6.47438908,1531222621,6474.38908012,0.001,64146828,buy
1616,12.94871341,1531222624,6474.35670815,0.002,64146835,buy
1617,6.46,1531222630,6460,0.001,64146865,sell
1618,57.6922574,1531222633,6460,0.00893069,64146893,sell
1619,115.2352242,1531222643,6460,0.01783827,64146921,sell
1620,19.38,1531222643,6460,0.003,64146922,sell
1621,6.45922745,1531222646,6459.22745335,0.001,64146929,sell
1622,0.39788841,1531222647,6459.22745335,0.0000616,64146933,sell
1623,14.99997663,1531222647,6455.24,0.00232369,64146934,sell
1624,6.454,1531222652,6454,0.001,64146981,sell
1625,6.454,1531222653,6454,0.001,64146994,sell
1626,8.05678636,1531222654,6454,0.00124834,64147003,sell
1627,70.96908756,1531222655,6454,0.01099614,64147025,sell
1628,7.27966022,1531222657,6454,0.00112793,64147038,sell
1629,25.92791236,1531222657,6454,0.00401734,64147040,sell
1630,16.35159911,1531222659,6453.0332681,0.00253394,64147052,sell
1631,11.44613228,1531222660,6453.0332681,0.00177376,64147074,sell
1632,40.3548179,1531222662,6453.0332681,0.00625362,64147089,sell
1633,28.24834672,1531222665,6453.0332681,0.00437753,64147100,sell
1634,8.01227969,1531222666,6453.0332681,0.00124163,64147106,sell
1635,17.37021042,1531222668,6453.0332681,0.00269179,64147115,sell
1636,19.36190318,1531222668,6453.96772999,0.003,64147119,buy
1637,9.14775543,1531222669,6453.0332681,0.00141759,64147121,sell
1638,31.38264951,1531222671,6453.0332681,0.00486324,64147131,sell
1639,9678.9,1531222676,6452.6,1.5,64147151,buy
1640,19.3590998,1531222676,6453.03326808,0.003,64147152,buy
1641,129.04,1531222682,6452,0.02,64147174,sell
1642,193.56,1531222682,6452,0.03,64147175,sell
1643,17.30826424,1531222683,6452,0.00268262,64147189,buy
1644,12.24090152,1531222687,6451,0.00189752,64147231,sell
1645,19.356,1531222688,6452,0.003,64147235,buy
1646,6.451,1531222688,6451,0.001,64147241,sell
1647,8.56860526,1531222689,6451,0.00132826,64147246,sell
1648,308.19149322,1531222698,6451,0.04777422,64147286,sell
1649,40.64783379,1531222698,6450.93123575,0.00630108,64147289,sell
1650,1.22722515,1531222700,6450.93123575,0.00019024,64147296,sell
1651,32.25,1531222700,6450,0.005,64147297,sell
1652,15.48,1531222700,6450,0.0024,64147298,sell
1653,18.9342975,1531222700,6450,0.00293555,64147299,sell
1654,36.6681855,1531222700,6450,0.00568499,64147300,sell
1655,2.0318145,1531222701,6450,0.00031501,64147313,sell
1656,7.958784,1531222701,6450,0.00123392,64147314,sell
1657,82.2093135,1531222701,6450,0.01274563,64147315,sell
1658,16.142157,1531222704,6450,0.00250266,64147327,sell
1659,37.740885,1531222704,6450,0.0058513,64147328,sell
1660,10.6568835,1531222704,6450,0.00165223,64147329,sell
1661,19.35290323,1531222707,6450.9677448,0.003,64147352,buy
1662,40.390287,1531222710,6450,0.00626206,64147371,sell
1663,27.321039,1531222711,6450,0.00423582,64147376,sell
1664,24.8645565,1531222713,6450,0.00385497,64147383,sell
1665,19.124766,1531222713,6450,0.00296508,64147386,sell
1666,11.6677275,1531222715,6450,0.00180895,64147390,sell
1667,8.1674415,1531222717,6450,0.00126627,64147401,sell
1668,221.8142832,1531222721,6450.80309098,0.03438553,64147467,buy
1669,221.8142832,1531222721,6450.80309098,0.03438553,64147474,buy
1670,88.37303373,1531222722,6450.803,0.01369954,64147485,buy
1671,11.62441151,1531222722,6450.803,0.00180201,64147488,buy
1672,164.07004835,1531222722,6450.80309098,0.02543405,64147492,buy
1673,41.50601528,1531222723,6450.80309098,0.00643424,64147496,buy
1674,6.45,1531222728,6450,0.001,64147544,sell
1675,19.35220603,1531222730,6450.73534515,0.003,64147553,buy
1676,8.91648,1531222731,6450,0.0013824,64147559,sell
1677,3.690819,1531222735,6450,0.00057222,64147595,sell
1678,36.060458,1531222735,6440,0.00559945,64147596,sell
1679,92.739542,1531222737,6440,0.01440055,64147621,sell
1680,70.83999999,1531222739,6439.99999999,0.011,64147643,buy
1681,70.83999999,1531222741,6439.99999999,0.011,64147652,buy
1682,6.43999989,1531222743,6439.99989999,0.001,64147659,buy
1683,64.3878,1531222743,6438.78,0.01,64147660,sell
1684,6.43778609,1531222743,6437.7860925,0.001,64147661,sell
1685,7.575282,1531222743,6435,0.0011772,64147662,sell
1686,6.432,1531222743,6432,0.001,64147663,sell
1687,64.3,1531222743,6430,0.01,64147664,sell
1688,24.99999572,1531222743,6429.14711655,0.00388854,64147665,sell
1689,262.7999416,1531222743,6428.57,0.04088,64147666,sell
1690,41.73672154,1531222743,6428.43172471,0.00649252,64147667,sell
1691,100.00000672,1531222743,6427,0.01555936,64147668,sell
1692,9.92663205,1531222743,6423.3,0.00154541,64147669,buy
1693,221.11484417,1531222743,6423.3,0.03442387,64147674,buy
1694,221.11163252,1531222744,6423.3,0.03442337,64147678,buy
1695,6.99998387,1531222744,6423.3,0.00108978,64147681,buy
1696,117.57657951,1531222744,6423.3,0.0183047,64147685,buy
1697,221.11163252,1531222744,6423.3,0.03442337,64147687,buy
1698,34.11716525,1531222745,6423.3,0.00531147,64147691,buy
1699,13.29085881,1531222747,6439.89999998,0.00206383,64147711,buy
1700,6.02884118,1531222747,6439.89999999,0.00093617,64147712,buy
1701,6.43989999,1531222748,6439.89999999,0.001,64147715,buy
1702,98.85890489,1531222749,6439.89999999,0.015351,64147726,buy
1703,19.31305827,1531222769,6437.68609299,0.003,64147874,buy
1704,19.31305739,1531222790,6437.68579999,0.003,64147955,buy
1705,22.02060343,1531222810,6420.00100001,0.00343,64148123,sell
1706,19.31226363,1531222812,6437.42121271,0.003,64148162,buy
1707,4.21960985,1531222813,6420.00100001,0.00065726,64148167,sell
1708,59.16993921,1531222813,6420.001,0.0092165,64148168,sell
1709,66.32451673,1531222813,6420.001,0.01033092,64148170,buy
1710,19.2986514,1531222815,6420.001,0.00300602,64148189,buy
1711,7.43814895,1531222821,6420.001,0.00115859,64148232,buy
1712,7.0620011,1531222828,6420.001,0.0011,64148305,buy
1713,97.16671513,1531222828,6420.001,0.015135,64148307,buy
1714,16.00570449,1531222831,6420.001,0.0024931,64148313,buy
1715,128.4,1531222832,6420,0.02,64148330,sell
1716,64.2,1531222832,6420,0.01,64148331,sell
1717,372.09999,1531222832,6420,0.0579595,64148332,sell
1718,6.42,1531222832,6420,0.001,64148333,sell
1719,6.42,1531222832,6420,0.001,64148334,sell
1720,57.91961122,1531222838,6419.9689,0.00902179,64148383,buy
1721,17.21655899,1531222838,6419.9689,0.00268172,64148387,buy
1722,27.81656964,1531222843,6419.9689,0.00433282,64148436,sell
1723,6.419,1531222843,6419,0.001,64148437,sell
1724,980.883,1531222843,6411.00000001,0.153,64148438,sell
1725,641.1,1531222843,6411,0.1,64148439,sell
1726,98.36249847,1531222843,6411,0.01534277,64148440,sell
1727,14.66541894,1531222844,6411,0.00228754,64148477,buy
1728,301.36328742,1531222844,6411,0.04700722,64148485,buy
1729,63.70617111,1531222845,6411,0.00993701,64148499,buy
1730,157.96018023,1531222845,6411,0.02463893,64148510,buy
1731,19.233,1531222846,6411,0.003,64148512,buy
1732,13.50759234,1531222851,6411,0.00210694,64148551,buy
1733,8.6920882,1531222851,6410.00000001,0.00135602,64148558,sell
1734,37.895421,1531222852,6411,0.005911,64148563,buy
1735,71.296731,1531222852,6411,0.011121,64148566,buy
1736,145.09663695,1531222852,6411,0.02263245,64148579,buy
1737,39.4281023,1531222852,6410.00000001,0.00615103,64148589,sell
1738,35.24684457,1531222854,6411,0.00549787,64148600,buy
1739,70.32879822,1531222854,6411,0.01097002,64148609,buy
1740,29.2636506,1531222859,6411,0.0045646,64148646,buy
1741,6.411,1531222859,6411,0.001,64148651,buy
1742,67.19221646,1531222860,6410.99999999,0.01048077,64148654,buy
1743,28.28546021,1531222861,6410.99999999,0.00441202,64148662,buy
1744,20.34652658,1531222862,6410.99999999,0.00317369,64148665,buy
1745,19.7997965,1531222863,6410.99999999,0.00308841,64148678,buy
1746,38.73558254,1531222864,6410.99999999,0.00604205,64148683,buy
1747,12.34591913,1531222864,6410.99999999,0.00192574,64148687,buy
1748,11.97594032,1531222864,6410.99999999,0.00186803,64148692,buy
1749,24.86108867,1531222864,6410.99999999,0.00387788,64148695,buy
1750,57.34697198,1531222865,6410.99999999,0.00894509,64148707,buy
1751,40.14292526,1531222867,6410.99999999,0.00626157,64148716,buy
1752,35.70010226,1531222868,6410.99999999,0.00556857,64148722,buy
1753,28.10005409,1531222869,6410.99999999,0.0043831,64148734,buy
1754,25.30165259,1531222869,6410.99999999,0.0039466,64148735,buy
1755,103.83338942,1531222870,6410.99999999,0.01619613,64148738,buy
1756,932.6098095,1531222870,6410.00000001,0.14549295,64148739,sell
1757,54.0787983,1531222870,6410,0.00843663,64148740,sell
1758,8.5899769,1531222870,6410,0.00134009,64148741,sell
1759,64.1,1531222870,6410,0.01,64148742,sell
1760,41.51831616,1531222870,6406.01068731,0.00648115,64148743,sell
1761,6.4057573,1531222870,6405.75730597,0.001,64148744,sell
1762,6.424215,1531222870,6405,0.001003,64148745,sell
1763,21.75951332,1531222870,6404.2645,0.00339766,64148746,sell
1764,276.22147922,1531222870,6403.90174602,0.04313331,64148747,sell
1765,104.47609216,1531222871,6410.999999,0.01629638,64148751,buy
1766,111.95183104,1531222872,6410.999999,0.01746246,64148756,buy
1767,26.64533408,1531222873,6410.99999899,0.00415619,64148765,buy
1768,68.4894823,1531222874,6410.99999899,0.01068312,64148774,buy
1769,979.79696714,1531222876,6403.90174603,0.153,64148782,sell
1770,4526.70483029,1531222876,6403.90174602,0.70686669,64148783,sell
1771,57.627,1531222876,6403,0.009,64148784,sell
1772,6.402,1531222876,6402,0.001,64148785,sell
1773,10.01494059,1531222876,6401,0.00156459,64148786,sell
1774,111.79135267,1531222876,6401,0.01746467,64148787,sell
1775,27.06045481,1531222876,6400.1,0.00422813,64148788,sell
1776,128,1531222876,6400,0.02,64148789,sell
